2004 3628
217 262 293 363 164
341 256 840 355 GPrtxuranron.

219 385 258 446 ris
280 380 360 442 suere
382 393 566 461 argumenta,
586 374 723 459 gaudium
741 397 759 435 a
777 373 942 459 conspe·

219 462 284 536 ssu,
303 461 506 541 blanditiaeque
535 456 710 531 inconditae,
733 456 768 518 sti
791 456 941 538 esque,

219 563 290 626 quas
310 563 350 622 po
372 541 435 601 ulus
458 537 595 613 dedisset,
609 535 744 612 servate,
815 539 852 599 in
880 539 941 599 si-

217 644 290 686 num
317 644 333 683 e
376 619 422 682 sae.
452 618 515 680 Nec
537 620 643 680 mirum
662 615 718 679 esse
743 638 900 678 amorem
919 660 937 692 ,

218 703 323 786 quibus
340 706 377 764 sit
396 703 545 762 memoria.
556 698 641 760 Idem
659 699 935 780 namquettrtdit,

219 787 348 868 agnitum
367 785 397 844 in
417 780 550 854 senesii,
569 780 679 841 multos
720 777 766 839 0st
787 799 899 839 annos
916 823 933 854 ,

219 868 269 947 qui
288 864 381 926 rector
399 864 429 922 in
446 859 566 942 juventi
585 857 685 920 suisset.
699 801 780 920 item
791 859 935 919 divina-

221 948 334 1007 tionem
352 942 507 1026 quamdam
527 939 649 1021 justitiae.
674 936 752 1003 cun
767 937 932 1001 Bocchus

219 1046 274 1088 rex
290 1027 405 1107 triginta
425 1022 603 1104 elephantis,
620 1020 762 1089 totidem,
781 1021 811 1079 in
829 1041 929 1103 quos

219 1106 320 1169 saevire
338 1102 513 1176 instituerat,
533 1100 674 1184 stipitibus
693 1101 826 1183 alligatos
849 1101 931 1162 ob-

221 1183 347 1270 jecisset,
361 1183 589 1267 procursantibus
598 1184 674 1243 inter
684 1203 736 1243 eos
751 1182 802 1262 qui
815 1182 925 1242 laces·

220 1266 334 1341 serent,
349 1288 408 1328 non
424 1262 546 1347 potuisse
566 1261 664 1335 effici,
691 1279 724 1324 ut
747 1262 927 1333 crudelitaq

220 1351 258 1412 tis
272 1349 372 1410 alienae
390 1344 548 1406 ministerio
565 1343 762 1426 fungerentur.

229 1426 232 1431 ’
261 1427 315 1489 VI.
336 1427 366 1488 6.
386 1425 564 1507 Elephantos
586 1423 668 1487 ltalia
709 1426 815 1485 timum
829 1424 921 1493 vidit

221 1507 325 1591 Pyrrhi
338 1529 369 1570 re
389 1510 412 1568 ‘s
428 1506 529 1579 bello,
541 1508 575 1568 &
588 1506 681 1567 boves
720 1525 787 1565 ucas
806 1506 924 1587 appel·

223 1591 313 1662 lavit,
332 1592 361 1650 in
405 1590 502 1649 ucanis
519 1585 595 1649 visos
606 1629 622 1661 ‚¹
634 1607 710 1647 anno
727 1585 818 1647 Urbis
883 1607 919 1646 a·

223 1671 449 1754 dtingentesimo
460 1667 673 1750 septuagesimo
684 1665 812 1727 secundo
824 1607 919 1728 :idio-

223 1771 276 1811 ma
291 1767 388 1810 autem
408 1751 438 1808 in
452 1749 616 1830 triumpho,
637 1745 747 1827 septem
763 1748 843 1806 annis
869 1746 915 1809 ad
999 1796 1001 1809 ⁴

223 1828 401 1912 superiorem
409 1849 562 1891 numerum
571 1829 685 1889 additis.
696 1827 809 1888 Eadem
817 1827 917 1909 pluri·
1000 1820 1001 1835 ¹

223 1931 290 1972 mos
303 1912 617 1994 annoquingentesimo
629 1908 775 1981 secundo,
785 1908 917 1973 vidorid

223 1986 257 2054 L.
275 1991 390 2053 Metelli
408 1989 554 2075 pontificis
571 1993 601 2050 in
622 1989 719 2051 Sicilia
741 1989 780 2051 de
808 1989 915 2051 Poenis

226 2090 338 2153 capros.
351 2071 479 2134 Centum
488 2073 595 2154 quadra
615 2073 674 2132 inta
681 2071 741 2132 duo
750 2068 833 2132 fuere
844 2069 915 2152 (aut

223 2170 257 2213 ut
277 2152 394 2233 quidam
410 2151 506 2234 cxl..)
524 2092 674 2213 transient
691 2151 817 2223 ratibus,
835 2171 914 2233 quas

227 2232 375 2293 doliorum
398 2233 536 2295 consertis
554 2233 701 2295 ordinibus
720 2230 914 2312 imposuerat.

223 2311 344 2376 Verrius
356 2335 408 2375 eos
418 2312 551 2396 pugnasse
561 2315 591 2373 in
601 2312 691 2375 Circo
702 2356 714 2385 ‚
731 2310 913 2375 interfectos·

224 2414 282 2490 que
308 2393 408 2476 jaculis
429 2395 516 2456 tradit
540 2393 661 2474 penuria
681 2393 808 2456 consilii:
836 2414 913 2476 quo·

223 2494 302 2536 nram
323 2497 419 2619 neoppe
442 2475 479 2535 ali
501 2474 665 2557 placuisset,
683 2494 780 2556 neque
801 2473 912 2555 donari

223 2548 348 2637 regibus.
441 2555 506 2617 Piso
541 2555 673 2617 indnttos
705 2555 854 2616 dumtaxat
877 2559 910 2633 in
1000 2578 1001 2583 ¹

224 2633 368 2708 Circum,
386 2653 414 2697 at
437 2657 472 2697 ue
494 2654 526 2699 ut
544 2651 730 2716 contemptus
746 2656 851 2697 eorum
867 2637 912 2698 in·

222 2715 386 2787 cresceret,
408 2738 425 2776 a
470 2720 610 2799 operariis
629 2716 720 2778 hastas
742 2717 911 2798 praepilatas

226 2795 410 2885 pubentibus,
430 2816 482 2882 per
493 2795 612 2863 Circum
623 2814 717 2863 totum
735 2795 824 2861 actos.
841 2797 910 2869 Nec
999 2822 1000 2825 ¹
