1966 3618
211 291 417 362 Hieron.
438 290 510 362 Lib.
528 291 621 364 Vlll.
674 304 748 388 209
801 266 804 270 Δ

14 424 16 433 ’
73 406 108 471 in
127 408 197 473 silvis
213 408 304 472 coitis
321 426 456 491 tempore
473 409 587 492 alligant
609 406 749 471 feminas·

76 490 208 555 Primo&
223 489 349 553 secundo
368 490 430 551 fetu
450 491 536 552 nimis
554 489 671 552 feroces
706 511 745 552 u·-

77 587 138 632 tant
152 573 239 656 gigni:
263 573 350 631 tertio
370 571 491 632 demum
514 570 647 633 educant.
674 513 745 636 lloe

80 651 180 712 ideme
196 654 269 735 lupis
290 649 389 727 Galli,
402 672 529 733 quorum
546 671 651 734 greges
659 650 742 714 suum

80 730 184 813 quisque
200 732 379 794 duetorem
395 731 512 793 canibus
528 731 562 793 δι
574 733 678 793 ducem
690 733 744 794 ha·

80 812 150 873 bent.
162 812 242 874 lllum
257 815 289 872 iu
303 829 415 874 venatu
433 815 606 874 comitantur
617 857 628 887 ‚
638 814 681 873 illi
691 836 744 895 pa·

79 909 144 952 rent.
167 891 296 976 Namque
310 895 387 953 inter
397 893 426 954 se
439 909 574 955 exercent
587 898 673 955 etiarn
683 915 743 955 ma·

78 970 186 1053 gisteria.
204 972 327 1035 Certum
345 972 387 1034 est
404 973 488 1054 juxta
504 974 608 1036 Nilum
624 995 741 1038 amnem

78 1072 207 1116 turrentes
229 1055 376 1128 lambere,
394 1075 432 1116 ne
449 1055 664 1117 crocodilorum
679 1058 742 1118 avi-

78 1132 149 1194 ditati
163 1135 509 1217 occasionempraebeant.
523 1135 634 1197 Indiam
644 1154 743 1218 peten-

78 1215 98 1272 ti
116 1214 273 1278 Alexandro
290 1215 423 1299 Magno,
442 1237 492 1278 rex
511 1215 645 1278 Albaniae
660 1217 743 1280 dono

76 1293 183 1358 dederat
195 1299 337 1359 inusitata
351 1297 552 1381 magnitudinis
567 1316 657 1357 unum
669 1318 677 1358 ε
690 1318 743 1358 cu·

75 1371 218 1459 inspecte
249 1377 405 1439 deleliatus
428 1377 511 1458 jussit
540 1375 622 1439 ursos
633 1421 645 1450 ,
669 1397 741 1441 mox

76 1475 169 1537 apros,
180 1459 211 1520 &
223 1459 328 1520 deinde
339 1458 437 1520 damas
447 1461 539 1519 emitti
547 1502 559 1530 ‚
569 1476 742 1539 contemptu

72 1535 204 1599 inmobili
226 1537 340 1621 jacente
360 1560 407 1600 eo.
439 1537 512 1618 Qui
525 1537 645 1622 segnitie
668 1542 742 1599 tanti

73 1622 192 1699 corporis
206 1619 333 1682 offensus
356 1622 515 1711 imperator
532 1620 665 1702 generosi
684 1617 742 1701 spi·

73 1697 151 1771 ritis,
170 1722 235 1763 eum
254 1702 382 1763 interimi
399 1703 491 1781 jussit.
506 1699 661 1761 Nuntiavit
681 1700 741 1761 hoc

74 1775 141 1840 fama
156 1785 225 1866 regi.
240 1779 341 1864 ltaque
358 1781 479 1845 alterum
497 1784 614 1845 mittens
627 1780 741 1844 addidit

73 1861 208 1935 mandata,
221 1883 259 1924 ne
277 1865 308 1923 in
323 1864 450 1944 partire
490 1865 556 1924 eriri
565 1862 674 1935 vellet,
687 1861 738 1925 sed

73 1939 100 1999 in
116 1942 213 2020 leone,
234 1944 440 2026 elephantove.
495 1964 549 2004 uos
566 1945 624 2004 sibi
639 1941 738 2007 fuisset

72 2018 123 2082 lroc
145 2026 340 2108 interempto,
357 2042 502 2107 preterea
527 2024 638 2085 nullum
664 2023 740 2088 fore.

72 2097 129 2164 Nec
146 2104 251 2165 distulit
279 2104 465 2178 Alexander,
482 2105 657 2189 leonemque
680 2103 739 2168 fra·

71 2180 139 2269 ⁸ilum
156 2188 286 2268 protinus
310 2187 392 2248 vidit.
418 2185 521 2248 Postea
550 2187 737 2268 elephantum

70 2267 142 2337 iussit
162 2267 275 2339 induti,
297 2265 374 2330 haud
394 2267 452 2329 alio
470 2270 562 2350 magis
576 2265 737 2347 spellaculo

71 2340 179 2409 letatus.
208 2347 403 2409 Horoentibus
425 2352 532 2431 quippe
585 2367 616 2406 et
640 2363 738 2409 totum

69 2443 165 2508 corpus
181 2428 280 2500 villis,
294 2430 405 2510 ingenti
421 2430 545 2509 primum
562 2369 666 2488 linaro
690 2429 738 2487 in-

68 2508 171 2570 tonuit:
183 2529 311 2591 moxque
336 2510 459 2569 inrrevit
483 2504 643 2581 adsultans,
663 2530 737 2572 con·

69 2599 160 2669 traque
180 2589 309 2653 belluam
321 2587 474 2671 exstugens
501 2587 567 2649 hinc
586 2591 619 2652 dt
640 2589 737 2662 illinc,

68 2665 435 2752 artificidimicatione‚qua
445 2669 738 2752 maaimlopuseffet‚

69 2742 191 2813 infestans
203 2767 291 2831 atque
305 2753 432 2823 evitant,
445 2751 538 2811 donec
552 2751 666 2814 assidui
682 2769 737 2811 ro·

67 2824 147 2888 taram
163 2831 238 2890 verti
258 2831 489 2908 ineadflixit,ad
500 2830 595 2897 casum
610 2829 672 2913 ejus
683 2829 742 2893 tel·

67 2904 124 2970 lure
142 2850 286 2975 contulit
