1966 3618
196 296 269 352 220
317 272 354 348 C.
378 273 556 347 Ptrrrrr
580 275 766 346 NArvn.

194 418 256 470 tu,
272 413 305 458 ut
324 398 360 455 sit
377 397 451 456 inter
470 395 605 476 exempla
623 392 807 454 damnatus‘a
828 415 894 476 po·
976 398 978 403 ’

194 479 266 562 pulo
284 477 440 551 Romano,
456 475 504 535 die
527 473 618 547 diua,
641 478 692 557 qui
713 477 896 537 concubino

195 560 310 641 procaci
330 578 396 617 rure
419 555 546 617 omasum
569 553 657 616 edisse
678 554 708 615 se
730 574 891 638 negante,

195 640 342 700 occiderat
363 638 500 712 bovem,
521 634 655 718 adusque
674 639 705 695 in
723 637 892 712 exsilium,

194 736 344 802 tamquam
362 719 471 778 colono
492 716 542 777 suo
562 720 751 799 interempto.

213 846 218 851 .
236 799 342 861 Tauris
351 796 422 858 inas
437 793 891 880 eslugenerositas‚torvifron·

196 896 251 952 te,
274 879 388 940 auribus
418 880 524 951 mosis,
543 878 680 938 cornibus
689 880 718 937 in
730 876 889 959 procinflu

197 961 418 1021 dimicationem
435 957 629 1041 poscentibus.
642 955 701 1018 Sed
715 975 777 1019 tora
795 977 889 1017 com·

198 1043 320 1103 minatio
336 1039 479 1122 prioribus
498 1042 529 1098 in
547 1039 681 1119 pedibus.
693 1037 755 1099 Stat
764 1039 805 1098 iri
813 1035 892 1120 glis·

198 1138 284 1183 cente
307 1122 435 1181 alternos
463 1120 626 1202 replicans,
645 1118 834 1202 spargensque
853 1121 888 1178 in

199 1203 300 1264 alvum
315 1221 447 1275 arenam,
463 1202 496 1262 &
515 1199 592 1260 solus
603 1200 770 1260 animalium
781 1219 822 1261 eo
834 1197 889 1259 lli·

200 1283 283 1346 mulo
299 1281 458 1343 ardescens.
472 1281 607 1342 Vidimus
617 1301 654 1341 ex
661 1282 789 1363 imperio
799 1281 890 1341 dimi·

200 1383 318 1433 cantes,
336 1362 452 1425 &ideo
469 1359 642 1423 monstratos
661 1363 768 1435 rotari,
784 1362 889 1422 cornia

201 1445 257 1506 bus
274 1443 407 1504 cadentes
419 1443 481 1502 exci
503 1443 699 1524 i‚iterumque
715 1440 887 1526 resurgere,

203 1524 295 1586 ruodo
305 1522 431 1604 jacentes
442 1463 580 1583 exliumo
596 1523 678 1594 tolli,
690 1523 824 1605 bigarum
869 1542 890 1583 e

203 1609 291 1666 etiam
309 1626 393 1665 cuttu
412 1606 517 1674 citato,
532 1603 616 1663 velut
633 1605 758 1686 aurigas,
771 1606 826 1664 insi
853 1622 891 1663 e·

202 1707 246 1746 re.
254 1684 453 1746 Thessalorum
467 1686 560 1767 gentis
572 1685 723 1744 inventum
738 1683 795 1756 est,
806 1703 890 1768 equo

202 1762 283 1845 juxti
298 1765 533 1846 quadrupedante
554 1785 645 1824 cornu
653 1766 759 1826 intorti
766 1768 889 1827 cervice

203 1864 304 1905 tauros
323 1865 444 1907 necarer
459 1848 570 1926 primus
584 1845 616 1905 id
630 1844 823 1928 speslaeulum
837 1847 889 1906 de·

205 1926 249 1987 dit
264 1925 368 1987 Roma
385 1923 480 1988 Caesar
501 1925 631 1986 didator.
655 1926 733 1987 Hinc
760 1927 889 1988 vidimae

204 2029 224 2066 o
247 2008 337 2082 ima,
358 2008 391 2068 δι
420 2008 575 2068 lautissima
599 2007 721 2067 deorum
750 2007 887 2088 placatio.

206 2028 282 2146 linio
297 2089 408 2146 tantum
419 2087 532 2147 animali
548 2089 694 2160 omnium,
705 2089 812 2169 quibus
821 2109 890 2170 pro·

203 2167 302 2227 cerior
320 2167 428 2242 cauda,
446 2189 506 2228 non
522 2165 613 2227 statim
624 2185 694 2229 nato
704 2170 890 2230 consumma·

205 2263 263 2320 tae,
279 2264 312 2307 ut
331 2247 619 2322 ceteris‚mensura:
637 2248 738 2309 crescit
750 2253 820 2327 uni,
834 2253 890 2312 do-

206 2347 261 2388 nec
273 2329 309 2389 ad
321 2326 438 2412 vestigia
446 2331 670 2409 imaperveniat.
677 2328 889 2408 Quamobrem

206 2408 386 2470 vislirnarum
409 2411 542 2490 probatio
563 2411 593 2468 in
610 2410 718 2484 vitulo,
731 2427 766 2471 ut
780 2416 891 2474 articu-

206 2487 267 2547 lum
282 2488 438 2572 suffraginis
456 2493 619 2572 contingat:
635 2492 771 2553 breviore
782 2515 845 2554 nou
858 2496 892 2555 li·

206 2584 275 2628 tant.
298 2568 365 2630 Hoc
390 2591 507 2653 quoque
542 2587 691 2642 notatum,
710 2574 822 2634 ⁷situlos
852 2573 891 2634 ad

206 2669 267 2709 aras
287 2649 413 2710 humeris
435 2652 556 2711 hominis
574 2651 677 2712 allatos
692 2672 752 2712 non
773 2653 838 2715 fere
858 2656 893 2716 li·

205 2745 286 2800 tare,
308 2732 380 2790 sicut
390 2750 445 2790 nec
457 2732 649 2802 claudicante,
663 2750 717 2792 nec
729 2732 825 2796 aliena
837 2737 893 2797 ho·
981 2747 983 2838 l

119 2824 123 2832 ’
203 2808 255 2875 stu
267 2808 339 2877 cleos
358 2810 484 2899 placari,
498 2832 553 2879 nec
572 2810 750 2880 trahenre‘se
768 2816 809 2880 ab
820 2819 894 2898 aris,
