1966 3618
185 218 258 297 tot
317 192 575 291 &Paruit
600 219 804 292 Nature.

187 343 273 426 super
282 343 379 403 omnia
388 337 523 401 innostro
533 359 600 399 aevo
614 336 684 399 adis
694 340 798 421 populi
806 336 881 400 Ro}

190 426 268 486 mani
288 421 441 494 testatum,
461 421 562 502 Appio
581 417 667 479 Junio
691 421 724 481 &
744 419 774 479 P.
799 418 881 480 Silio

190 501 258 564 coff.
278 506 344 564 curn
358 501 636 562 animadverteretur
657 520 694 560 ex
709 501 796 560 causd
810 501 843 560 N
845 522 882 560 e·

190 587 269 645 runis
280 582 449 644 Germanici
467 580 577 652 filii‚in
587 578 700 641 Titium
716 579 879 655 Sabinum,

191 666 225 727 δι
244 663 358 725 servitia
378 660 456 743 ejus,
472 664 554 722 unius
572 681 608 722 ex
625 661 668 721 his
678 680 782 721 canem
793 681 879 722 neca

190 760 305 806 'carcere
320 745 395 833 abigi
415 741 554 824 potuisse,
571 762 626 802 nec
643 762 661 800 a
678 761 804 821 corpore
826 739 881 802 re?-

190 823 304 888 cessisse
330 822 433 902 abretti
457 825 487 884 in
513 821 646 906 gradibus
682 817 880 897 Gemitoriis,

191 905 308 967 maestos
328 905 464 967 edentem
484 903 628 976 ululatus,
647 902 753 984 magnd
770 904 880 985 populi

192 986 318 1059 Rotnani
335 985 460 1047 corond:
479 1005 516 1046 ex
532 984 590 1066 qud
607 985 675 1044 cum
721 983 822 1042 uidam
849 984 880 1045 ei

190 1067 290 1128 cibum
308 1064 473 1147 objecisset,
495 1065 532 1125 ad
553 1087 589 1126 os
615 1005 740 1125 defundi
771 1062 880 1128 tulisse.

192 1147 334 1210 Innatavit
351 1146 431 1207 idem
452 1146 576 1208 cadaver
594 1146 625 1205 in
641 1143 776 1205 Tiberim
796 1143 882 1225 abje-

193 1227 231 1288 tti
249 1227 402 1288 sustentare
422 1244 562 1299 conatus,
584 1224 676 1286 effusd
690 1225 881 1288 multitudine

193 1309 233 1371 ad
249 1307 431 1390 spedandum
451 1309 580 1367 animalis
600 1304 701 1367 fidem.

234 1387 297 1451 Soli
316 1388 466 1450 dominum
482 1407 610 1448 novere:
621 1389 795 1470 &ignotum

191 1482 272 1552 que,
295 1471 320 1530 si
338 1470 458 1552 repente
477 1470 593 1541 veniat,
613 1469 788 1551 intelligunt.
838 1469 881 1530 oti

128 1576 134 1597 r
194 1554 314 1613 nomina
333 1550 398 1624 sua,
410 1549 463 1611 soli
472 1570 580 1611 vocem
590 1547 782 1611 domesticam
792 1571 882 1634 agne·

195 1630 285 1693 scunt.
297 1629 421 1708 Itinera,
438 1632 569 1713 quamvis
585 1630 686 1712 longa,
706 1632 883 1698 meminere.'

193 1710 260 1772 Nec
278 1711 328 1771 ulli
348 1729 450 1792 praeter
466 1712 616 1773 hominem
641 1717 784 1778 memoria
811 1733 883 1772 ma-

194 1788 252 1870 jor.
272 1790 402 1872 Impetus
424 1812 526 1852 eorum
543 1793 576 1854 δι
595 1791 703 1855 saevitia
723 1794 882 1877 ¹mitigatur

194 1871 233 1933 ab
255 1871 373 1933 homine
391 1873 564 1934 considente
581 1872 672 1934 humi.

214 1984 218 1993 „
235 1950 360 2014 Plurima
382 1952 436 2014 alia
453 1955 483 2013 in
501 1952 546 2012 his
564 1975 684 2036 quoque
705 1955 768 2016 vita
794 1957 881 2018 inve-

195 2032 248 2092 nit.
268 2031 326 2093 Sed
336 2038 366 2092 in
377 2051 485 2094 venatu
499 2033 614 2095 solertia
623 2036 655 2096 δι
667 2035 802 2117 sagacitas
811 2038 882 2117 praess

195 2113 281 2192 cipua
297 2112 348 2175 est.
367 2112 514 2174 Scrutatur
534 2113 608 2176 vesti
620 2118 654 2175 v'a
675 2134 762 2198 atque
783 2115 883 2198 perse·

200 2195 317 2274 quitur,
339 2196 526 2257 comitantem
553 2195 590 2257 ad
609 2135 700 2258 sdrarn
729 2199 883 2280 inquisito·

204 2293 268 2334 rem
284 2276 349 2337 loro
368 2275 505 2337 trahens:
528 2277 589 2358 qud
606 2277 669 2338 viad
685 2277 774 2360 quim
794 2279 884 2338 silent

203 2354 238 2414 ἃ
253 2357 383 2433 occulta,
402 2356 489 2439 quim
501 2355 662 2438 significans
674 2357 883 2419 demonstratio

205 2432 262 2506 est,
277 2438 368 2499 caudd
379 2441 521 2518 primum,
539 2437 648 2499 deinde
667 2437 786 2501 rostro?
808 2446 883 2522 Ergo

205 2517 292 2576 etiam
313 2516 425 2579 senedd
444 2518 551 2593 sessos,
568 2517 734 2603 caecosque,
749 2540 784 2580 ac
799 2519 883 2580 debi-

204 2594 248 2654 les
272 2599 336 2657 sinu
353 2597 468 2673 serunt,
488 2618 593 2661 ventos
616 2602 648 2662 ἃ
670 2601 796 2662 odorem
817 2622 883 2683 cap·

205 2689 319 2751 tames,
335 2677 546 2762 prudentesque
567 2680 660 2742 rostro
676 2681 793 2742 cubilia.
809 2680 883 2741 Eti·

180 2821 184 2826 2
206 2757 303 2840 gribus
322 2779 373 2824 eos
392 2757 457 2825 Iudi
475 2761 579 2828 volunt
591 2762 729 2851 cuncipi:
748 2763 782 2829 dt
794 2761 835 2826 ob
851 2759 884 2836 id
