<?xml version="1.0" encoding="UTF-8"?>
<!DOCTYPE html PUBLIC "-//W3C//DTD XHTML 1.0 Transitional//EN"
    "http://www.w3.org/TR/xhtml1/DTD/xhtml1-transitional.dtd">
<html xmlns="http://www.w3.org/1999/xhtml" xml:lang="en" lang="en">
 <head>
  <title>
</title>
<meta http-equiv="Content-Type" content="text/html;charset=utf-8" />
  <meta name='ocr-system' content='tesseract 3.04.00' />
  <meta name='ocr-capabilities' content='ocr_page ocr_carea ocr_par ocr_line ocrx_word'/>
</head>
<body>
  <div class='ocr_page' id='page_1' title='image "./caiipliniisecun00brotgoog_0430.png"; bbox 0 0 2012 3596; ppageno 0'>
   <div class='ocr_carea' id='block_1_1' title="bbox 215 260 737 362">
    <p class='ocr_par' dir='ltr' id='par_1_1' title="bbox 215 260 737 362">
     <span class='ocr_line' id='line_1_1' title="bbox 215 260 737 362; baseline 0.004 -27"><span class='ocrx_word' id='word_1_1' title='bbox 215 261 432 335; x_wconf 20' lang='lat' dir='ltr'>Histrum.</span> <span class='ocrx_word' id='word_1_2' title='bbox 450 262 523 337; x_wconf 86' lang='lat' dir='ltr'><strong>Lib.</strong></span> <span class='ocrx_word' id='word_1_3' title='bbox 554 260 618 337; x_wconf 87' lang='lat' dir='ltr'>XI.</span> <span class='ocrx_word' id='word_1_4' title='bbox 667 282 737 362; x_wconf 63' lang='lat'>431</span> 
     </span>
    </p>
   </div>
   <div class='ocr_carea' id='block_1_2' title="bbox 58 374 828 2886">
    <p class='ocr_par' dir='ltr' id='par_1_2' title="bbox 61 374 744 1108">
     <span class='ocr_line' id='line_1_2' title="bbox 61 374 743 464; baseline 0.003 -21"><span class='ocrx_word' id='word_1_5' title='bbox 61 374 159 464; x_wconf 69' lang='lat' dir='ltr'>impio</span> <span class='ocrx_word' id='word_1_6' title='bbox 176 379 275 461; x_wconf 80' lang='lat' dir='ltr'>major</span> <span class='ocrx_word' id='word_1_7' title='bbox 295 381 417 443; x_wconf 91' lang='lat' dir='ltr'>bubulo.</span> <span class='ocrx_word' id='word_1_8' title='bbox 434 381 548 444; x_wconf 79' lang='lat' dir='ltr'>Avibus</span> <span class='ocrx_word' id='word_1_9' title='bbox 562 399 666 445; x_wconf 79' lang='lat' dir='ltr'>venter</span> <span class='ocrx_word' id='word_1_10' title='bbox 680 405 743 445; x_wconf 81' lang='lat' dir='ltr'>car·</span> 
     </span>
     <span class='ocr_line' id='line_1_3' title="bbox 63 462 743 545; baseline 0.009 -24"><span class='ocrx_word' id='word_1_11' title='bbox 63 463 141 523; x_wconf 84' lang='lat' dir='ltr'>nolus</span> <span class='ocrx_word' id='word_1_12' title='bbox 163 462 360 545; x_wconf 69' lang='lat' dir='ltr'>callosasque.</span> <span class='ocrx_word' id='word_1_13' title='bbox 383 462 416 525; x_wconf 88' lang='lat' dir='ltr'>In</span> <span class='ocrx_word' id='word_1_14' title='bbox 436 480 539 524; x_wconf 81' lang='lat' dir='ltr'>ventre</span> <span class='ocrx_word' id='word_1_15' title='bbox 558 463 743 527; x_wconf 84' lang='lat' dir='ltr'>himndinum</span> 
     </span>
     <span class='ocr_line' id='line_1_4' title="bbox 63 543 741 626; baseline 0.009 -25"><span class='ocrx_word' id='word_1_16' title='bbox 63 544 140 623; x_wconf 85' lang='lat' dir='ltr'>pullis</span> <span class='ocrx_word' id='word_1_17' title='bbox 162 543 254 626; x_wconf 87' lang='lat' dir='ltr'>lapilli</span> <span class='ocrx_word' id='word_1_18' title='bbox 272 543 400 605; x_wconf 84' lang='lat' dir='ltr'>candido</span> <span class='ocrx_word' id='word_1_19' title='bbox 419 560 467 605; x_wconf 90' lang='lat' dir='ltr'>aut</span> <span class='ocrx_word' id='word_1_20' title='bbox 485 543 599 604; x_wconf 83' lang='lat' dir='ltr'>rubenti</span> <span class='ocrx_word' id='word_1_21' title='bbox 616 547 741 619; x_wconf 83' lang='lat' dir='ltr'>colore,</span> 
     </span>
     <span class='ocr_line' id='line_1_5' title="bbox 64 625 741 707; baseline 0.007 -25"><span class='ocrx_word' id='word_1_22' title='bbox 64 625 108 705; x_wconf 89' lang='lat' dir='ltr'>qui</span> <span class='ocrx_word' id='word_1_23' title='bbox 126 625 286 686; x_wconf 85' lang='lat' dir='ltr'>chelidonii</span> <span class='ocrx_word' id='word_1_24' title='bbox 307 641 472 696; x_wconf 83' lang='lat' dir='ltr'>vocantur,</span> <span class='ocrx_word' id='word_1_25' title='bbox 493 626 609 707; x_wconf 86' lang='lat' dir='ltr'>magicis</span> <span class='ocrx_word' id='word_1_26' title='bbox 636 628 741 687; x_wconf 87' lang='lat' dir='ltr'>narrati</span> 
     </span>
     <span class='ocr_line' id='line_1_6' title="bbox 64 703 743 789; baseline 0.009 -27"><span class='ocrx_word' id='word_1_27' title='bbox 64 703 182 780; x_wconf 85' lang='lat' dir='ltr'>artibus,</span> <span class='ocrx_word' id='word_1_28' title='bbox 196 707 395 789; x_wconf 70' lang='lat' dir='ltr'>sepeliuntur.</span> <span class='ocrx_word' id='word_1_29' title='bbox 412 703 449 766; x_wconf 89' lang='lat' dir='ltr'>Et</span> <span class='ocrx_word' id='word_1_30' title='bbox 459 707 488 781; x_wconf 82' lang='lat' dir='ltr'>iu</span> <span class='ocrx_word' id='word_1_31' title='bbox 502 703 689 783; x_wconf 71' lang='lat' dir='ltr'>iuvencarum</span> <span class='ocrx_word' id='word_1_32' title='bbox 699 704 743 768; x_wconf 86' lang='lat' dir='ltr'>se·</span> 
     </span>
     <span class='ocr_line' id='line_1_7' title="bbox 63 784 743 868; baseline 0.012 -26"><span class='ocrx_word' id='word_1_33' title='bbox 63 784 151 845; x_wconf 86' lang='lat' dir='ltr'>tundo</span> <span class='ocrx_word' id='word_1_34' title='bbox 169 805 277 847; x_wconf 86' lang='lat' dir='ltr'>ventre</span> <span class='ocrx_word' id='word_1_35' title='bbox 288 786 356 868; x_wconf 82' lang='lat' dir='ltr'>pilae</span> <span class='ocrx_word' id='word_1_36' title='bbox 366 784 542 848; x_wconf 83' lang='lat' dir='ltr'>rotunditate</span> <span class='ocrx_word' id='word_1_37' title='bbox 550 788 691 868; x_wconf 82' lang='lat' dir='ltr'>nigricans</span> <span class='ocrx_word' id='word_1_38' title='bbox 698 803 743 850; x_wconf 86' lang='lat' dir='ltr'>to&#39;·</span> 
     </span>
     <span class='ocr_line' id='line_1_8' title="bbox 64 861 742 949; baseline 0.007 -26"><span class='ocrx_word' id='word_1_39' title='bbox 64 861 121 935; x_wconf 78' lang='lat' dir='ltr'>fus,</span> <span class='ocrx_word' id='word_1_40' title='bbox 138 867 223 939; x_wconf 89' lang='lat' dir='ltr'>nullo</span> <span class='ocrx_word' id='word_1_41' title='bbox 241 866 377 949; x_wconf 86' lang='lat' dir='ltr'>pondere</span> <span class='ocrx_word' id='word_1_42' title='bbox 387 889 395 924; x_wconf 75' lang='grc' dir='ltr'><em>τ</em></span> <span class='ocrx_word' id='word_1_43' title='bbox 407 868 567 949; x_wconf 79' lang='lat' dir='ltr'>singulare,</span> <span class='ocrx_word' id='word_1_44' title='bbox 577 884 608 927; x_wconf 93' lang='lat' dir='ltr'>ut</span> <span class='ocrx_word' id='word_1_45' title='bbox 620 884 742 949; x_wconf 84' lang='lat' dir='ltr'>putant,</span> 
     </span>
     <span class='ocr_line' id='line_1_9' title="bbox 65 947 744 1031; baseline 0.012 -29"><span class='ocrx_word' id='word_1_46' title='bbox 65 947 218 1007; x_wconf 84' lang='lat' dir='ltr'>remedium</span> <span class='ocrx_word' id='word_1_47' title='bbox 245 968 325 1031; x_wconf 79' lang='lat' dir='ltr'>aegre</span> <span class='ocrx_word' id='word_1_48' title='bbox 346 949 544 1029; x_wconf 81' lang='lat' dir='ltr'>parientibus,</span> <span class='ocrx_word' id='word_1_49' title='bbox 565 951 589 1010; x_wconf 89' lang='lat' dir='ltr'>si</span> <span class='ocrx_word' id='word_1_50' title='bbox 606 948 744 1011; x_wconf 84' lang='lat' dir='ltr'>tellurem</span> 
     </span>
     <span class='ocr_line' id='line_1_10' title="bbox 64 1032 632 1108; baseline 0.012 -24"><span class='ocrx_word' id='word_1_51' title='bbox 64 1043 176 1087; x_wconf 83' lang='lat' dir='ltr'>nonam</span> <span class='ocrx_word' id='word_1_52' title='bbox 196 1032 266 1091; x_wconf 87' lang='lat' dir='ltr'>erit.</span> <span class='ocrx_word' id='word_1_53' title='bbox 630 1103 632 1108; x_wconf 34' lang='lat'>‚</span> 
     </span>
    </p>

    <p class='ocr_par' dir='ltr' id='par_1_3' title="bbox 67 1105 828 2160">
     <span class='ocr_line' id='line_1_11' title="bbox 99 1105 745 1194; baseline 0.006 -26"><span class='ocrx_word' id='word_1_54' title='bbox 99 1105 149 1168; x_wconf 82' lang='lat' dir='ltr'>Lx</span> <span class='ocrx_word' id='word_1_55' title='bbox 208 1155 216 1172; x_wconf 89' lang='lat'><strong><em>.</em></strong></span> <span class='ocrx_word' id='word_1_56' title='bbox 238 1108 430 1172; x_wconf 77' lang='lat' dir='ltr'>Ventriculus</span> <span class='ocrx_word' id='word_1_57' title='bbox 448 1127 533 1192; x_wconf 86' lang='lat' dir='ltr'>atque</span> <span class='ocrx_word' id='word_1_58' title='bbox 543 1109 675 1172; x_wconf 84' lang='lat' dir='ltr'>intestina</span> <span class='ocrx_word' id='word_1_59' title='bbox 683 1113 745 1194; x_wconf 88' lang='lat' dir='ltr'>pin·</span> 
     </span>
     <span class='ocr_line' id='line_1_12' title="bbox 67 1189 828 1284; baseline 0.007 -38"><span class='ocrx_word' id='word_1_60' title='bbox 67 1189 109 1268; x_wconf 79' lang='lat' dir='ltr'>gui</span> <span class='ocrx_word' id='word_1_61' title='bbox 120 1207 151 1249; x_wconf 86' lang='lat' dir='ltr'>ae</span> <span class='ocrx_word' id='word_1_62' title='bbox 169 1193 254 1251; x_wconf 87' lang='lat' dir='ltr'>tenui</span> <span class='ocrx_word' id='word_1_63' title='bbox 274 1208 400 1251; x_wconf 89' lang='lat' dir='ltr'>omento</span> <span class='ocrx_word' id='word_1_64' title='bbox 417 1193 601 1271; x_wconf 81' lang='lat' dir='ltr'><strong>integuntur,</strong></span> <span class='ocrx_word' id='word_1_65' title='bbox 620 1198 747 1284; x_wconf 69' lang='lat' dir='ltr'>praeteri·</span> <span class='ocrx_word' id='word_1_66' title='bbox 827 1230 828 1233; x_wconf 58' lang='lat'><em>=</em></span> 
     </span>
     <span class='ocr_line' id='line_1_13' title="bbox 68 1268 747 1354; baseline 0.009 -28"><span class='ocrx_word' id='word_1_67' title='bbox 68 1286 146 1346; x_wconf 88' lang='lat' dir='ltr'>quam</span> <span class='ocrx_word' id='word_1_68' title='bbox 155 1290 215 1331; x_wconf 82' lang='lat' dir='ltr'>ova</span> <span class='ocrx_word' id='word_1_69' title='bbox 226 1270 422 1354; x_wconf 78' lang='lat' dir='ltr'>gignentibus.</span> <span class='ocrx_word' id='word_1_70' title='bbox 429 1269 511 1330; x_wconf 69' lang='lat' dir='ltr'>&#39;Huic</span> <span class='ocrx_word' id='word_1_71' title='bbox 523 1268 680 1331; x_wconf 75' lang='lat' dir='ltr'>adneunur</span> <span class='ocrx_word' id='word_1_72' title='bbox 689 1268 747 1332; x_wconf 88' lang='lat' dir='ltr'>lieu</span> 
     </span>
     <span class='ocr_line' id='line_1_14' title="bbox 69 1345 747 1435; baseline 0.01 -30"><span class='ocrx_word' id='word_1_73' title='bbox 69 1345 219 1411; x_wconf 81' lang='lat' dir='ltr'>insinisttd</span> <span class='ocrx_word' id='word_1_74' title='bbox 239 1367 328 1435; x_wconf 85' lang='lat' dir='ltr'>parte</span> <span class='ocrx_word' id='word_1_75' title='bbox 343 1349 476 1412; x_wconf 86' lang='lat' dir='ltr'>adversus</span> <span class='ocrx_word' id='word_1_76' title='bbox 492 1349 599 1430; x_wconf 87' lang='lat' dir='ltr'>jecori,</span> <span class='ocrx_word' id='word_1_77' title='bbox 609 1370 676 1410; x_wconf 86' lang='lat' dir='ltr'>cum</span> <span class='ocrx_word' id='word_1_78' title='bbox 686 1369 747 1432; x_wconf 90' lang='lat' dir='ltr'>quo</span> 
     </span>
     <span class='ocr_line' id='line_1_15' title="bbox 69 1424 782 1515; baseline 0.014 -31"><span class='ocrx_word' id='word_1_79' title='bbox 69 1424 157 1490; x_wconf 79' lang='lat' dir='ltr'>locum</span> <span class='ocrx_word' id='word_1_80' title='bbox 165 1431 327 1515; x_wconf 86' lang='lat' dir='ltr'>aliquando</span> <span class='ocrx_word' id='word_1_81' title='bbox 337 1429 559 1514; x_wconf 85' lang='lat' dir='ltr'>permutat,sed</span> <span class='ocrx_word' id='word_1_82' title='bbox 570 1431 749 1514; x_wconf 67' lang='lat' dir='ltr'>prodigiose.</span> <span class='ocrx_word' id='word_1_83' title='bbox 777 1486 782 1501; x_wconf 87' lang='grc'><strong><em>,</em></strong></span> 
     </span>
     <span class='ocr_line' id='line_1_16' title="bbox 70 1503 748 1595; baseline 0.007 -27"><span class='ocrx_word' id='word_1_84' title='bbox 70 1503 193 1585; x_wconf 83' lang='lat' dir='ltr'>Quidam</span> <span class='ocrx_word' id='word_1_85' title='bbox 202 1533 273 1575; x_wconf 90' lang='lat' dir='ltr'>eum</span> <span class='ocrx_word' id='word_1_86' title='bbox 283 1529 385 1595; x_wconf 85' lang='lat' dir='ltr'>putant</span> <span class='ocrx_word' id='word_1_87' title='bbox 396 1509 482 1572; x_wconf 83' lang='lat' dir='ltr'>inesse</span> <span class='ocrx_word' id='word_1_88' title='bbox 491 1512 748 1595; x_wconf 86' lang='lat' dir='ltr'>ovaparientibus‚</span> 
     </span>
     <span class='ocr_line' id='line_1_17' title="bbox 71 1585 749 1676; baseline 0.009 -28"><span class='ocrx_word' id='word_1_89' title='bbox 71 1585 133 1650; x_wconf 81' lang='lat' dir='ltr'>item</span> <span class='ocrx_word' id='word_1_90' title='bbox 150 1591 335 1676; x_wconf 81' lang='lat' dir='ltr'>serpentibus</span> <span class='ocrx_word' id='word_1_91' title='bbox 355 1593 513 1654; x_wconf 84' lang='lat' dir='ltr'>admodum</span> <span class='ocrx_word' id='word_1_92' title='bbox 530 1595 665 1675; x_wconf 81' lang='lat' dir='ltr'>exiguum</span> <span class='ocrx_word' id='word_1_93' title='bbox 682 1612 690 1654; x_wconf 76' lang='lat' dir='ltr'>t</span> <span class='ocrx_word' id='word_1_94' title='bbox 708 1595 749 1654; x_wconf 81' lang='lat' dir='ltr'>ita</span> 
     </span>
     <span class='ocr_line' id='line_1_18' title="bbox 70 1671 747 1757; baseline 0.004 -26"><span class='ocrx_word' id='word_1_95' title='bbox 70 1671 140 1731; x_wconf 69' lang='lat' dir='ltr'>terte</span> <span class='ocrx_word' id='word_1_96' title='bbox 161 1692 286 1757; x_wconf 84' lang='lat' dir='ltr'>apparet</span> <span class='ocrx_word' id='word_1_97' title='bbox 300 1676 331 1735; x_wconf 87' lang='lat' dir='ltr'>in</span> <span class='ocrx_word' id='word_1_98' title='bbox 350 1673 510 1748; x_wconf 82' lang='lat' dir='ltr'>testudine,</span> <span class='ocrx_word' id='word_1_99' title='bbox 530 1673 747 1748; x_wconf 80' lang='lat' dir='ltr'>&amp;crocodilo‚¹</span> 
     </span>
     <span class='ocr_line' id='line_1_19' title="bbox 73 1748 749 1836; baseline 0.009 -28"><span class='ocrx_word' id='word_1_100' title='bbox 73 1748 103 1809; x_wconf 65' lang='grc' dir='ltr'><strong>ἃ</strong></span> <span class='ocrx_word' id='word_1_101' title='bbox 116 1751 247 1830; x_wconf 81' lang='lat' dir='ltr'>lacertis,</span> <span class='ocrx_word' id='word_1_102' title='bbox 260 1758 295 1820; x_wconf 89' lang='lat'>&amp;</span> <span class='ocrx_word' id='word_1_103' title='bbox 307 1758 392 1816; x_wconf 88' lang='lat' dir='ltr'>ranis.</span> <span class='ocrx_word' id='word_1_104' title='bbox 414 1754 614 1836; x_wconf 82' lang='lat' dir='ltr'>AEgocephalo</span> <span class='ocrx_word' id='word_1_105' title='bbox 627 1756 674 1815; x_wconf 87' lang='lat' dir='ltr'>avi</span> <span class='ocrx_word' id='word_1_106' title='bbox 688 1773 749 1815; x_wconf 88' lang='lat' dir='ltr'>non</span> 
     </span>
     <span class='ocr_line' id='line_1_20' title="bbox 72 1827 750 1918; baseline 0.009 -30"><span class='ocrx_word' id='word_1_107' title='bbox 72 1827 125 1892; x_wconf 82' lang='lat' dir='ltr'>elle</span> <span class='ocrx_word' id='word_1_108' title='bbox 148 1835 280 1912; x_wconf 85' lang='lat' dir='ltr'>constat,</span> <span class='ocrx_word' id='word_1_109' title='bbox 296 1855 393 1918; x_wconf 89' lang='lat' dir='ltr'>neque</span> <span class='ocrx_word' id='word_1_110' title='bbox 410 1838 443 1896; x_wconf 91' lang='lat' dir='ltr'>iis</span> <span class='ocrx_word' id='word_1_111' title='bbox 465 1856 529 1918; x_wconf 86' lang='lat' dir='ltr'>quae</span> <span class='ocrx_word' id='word_1_112' title='bbox 553 1850 668 1897; x_wconf 85' lang='lat' dir='ltr'>careant</span> <span class='ocrx_word' id='word_1_113' title='bbox 685 1833 750 1895; x_wconf 87' lang='lat' dir='ltr'>san·</span> 
     </span>
     <span class='ocr_line' id='line_1_21' title="bbox 75 1913 751 1997; baseline 0 -23"><span class='ocrx_word' id='word_1_114' title='bbox 75 1913 162 1990; x_wconf 82' lang='lat' dir='ltr'>guine.</span> <span class='ocrx_word' id='word_1_115' title='bbox 182 1916 334 1980; x_wconf 86' lang='lat' dir='ltr'>Peculiare</span> <span class='ocrx_word' id='word_1_116' title='bbox 345 1916 442 1977; x_wconf 76' lang='lat' dir='ltr'>cursus</span> <span class='ocrx_word' id='word_1_117' title='bbox 451 1915 690 1997; x_wconf 89' lang='lat' dir='ltr'>impedimentum</span> <span class='ocrx_word' id='word_1_118' title='bbox 700 1915 751 1975; x_wconf 83' lang='lat' dir='ltr'>ali·</span> 
     </span>
     <span class='ocr_line' id='line_1_22' title="bbox 74 1994 751 2080; baseline 0.004 -26"><span class='ocrx_word' id='word_1_119' title='bbox 74 1996 181 2069; x_wconf 83' lang='lat' dir='ltr'>quando</span> <span class='ocrx_word' id='word_1_120' title='bbox 201 2000 232 2058; x_wconf 91' lang='lat' dir='ltr'>in</span> <span class='ocrx_word' id='word_1_121' title='bbox 246 2019 305 2060; x_wconf 86' lang='lat' dir='ltr'>eo:</span> <span class='ocrx_word' id='word_1_122' title='bbox 321 1997 509 2080; x_wconf 88' lang='lat' dir='ltr'>quamobrem</span> <span class='ocrx_word' id='word_1_123' title='bbox 521 1999 642 2056; x_wconf 83' lang='lat' dir='ltr'>inuritur</span> <span class='ocrx_word' id='word_1_124' title='bbox 653 1994 751 2057; x_wconf 84' lang='lat' dir='ltr'>curso·</span> 
     </span>
     <span class='ocr_line' id='line_1_23' title="bbox 73 2075 751 2160; baseline 0.009 -27"><span class='ocrx_word' id='word_1_125' title='bbox 73 2088 132 2133; x_wconf 78' lang='lat' dir='ltr'>rum</span> <span class='ocrx_word' id='word_1_126' title='bbox 155 2075 365 2140; x_wconf 82' lang='lat' dir='ltr'>laborantibus.</span> <span class='ocrx_word' id='word_1_127' title='bbox 394 2076 431 2139; x_wconf 91' lang='lat' dir='ltr'>Et</span> <span class='ocrx_word' id='word_1_128' title='bbox 456 2099 510 2160; x_wconf 83' lang='lat' dir='ltr'>per</span> <span class='ocrx_word' id='word_1_129' title='bbox 532 2076 637 2140; x_wconf 83' lang='lat' dir='ltr'>vulnus</span> <span class='ocrx_word' id='word_1_130' title='bbox 661 2079 751 2139; x_wconf 88' lang='lat' dir='ltr'>etiam</span> 
     </span>
    </p>

    <p class='ocr_par' dir='ltr' id='par_1_4' title="bbox 58 2156 753 2634">
     <span class='ocr_line' id='line_1_24' title="bbox 58 2156 750 2239; baseline 0.009 -26"><span class='ocrx_word' id='word_1_131' title='bbox 58 2161 60 2165; x_wconf 78' lang='grc'><strong>“</strong></span> <span class='ocrx_word' id='word_1_132' title='bbox 76 2167 207 2239; x_wconf 81' lang='lat' dir='ltr'>exempto</span> <span class='ocrx_word' id='word_1_133' title='bbox 225 2204 236 2234; x_wconf 91' lang='lat'>‚</span> <span class='ocrx_word' id='word_1_134' title='bbox 262 2162 363 2222; x_wconf 85' lang='lat' dir='ltr'>vivere</span> <span class='ocrx_word' id='word_1_135' title='bbox 388 2159 519 2221; x_wconf 85' lang='lat' dir='ltr'>animalia</span> <span class='ocrx_word' id='word_1_136' title='bbox 535 2156 661 2221; x_wconf 58' lang='lat' dir='ltr'>tradun&#39;tss</span> <span class='ocrx_word' id='word_1_137' title='bbox 677 2157 750 2219; x_wconf 80' lang='lat' dir='ltr'>Sun&#39;t</span> 
     </span>
     <span class='ocr_line' id='line_1_25' title="bbox 75 2231 752 2318; baseline -0.007 -18"><span class='ocrx_word' id='word_1_138' title='bbox 75 2235 120 2312; x_wconf 73' lang='lat' dir='ltr'>qui</span> <span class='ocrx_word' id='word_1_139' title='bbox 138 2256 242 2318; x_wconf 85' lang='lat' dir='ltr'>putent</span> <span class='ocrx_word' id='word_1_140' title='bbox 266 2241 352 2300; x_wconf 86' lang='lat' dir='ltr'>adimi</span> <span class='ocrx_word' id='word_1_141' title='bbox 368 2240 453 2300; x_wconf 88' lang='lat' dir='ltr'>simul</span> <span class='ocrx_word' id='word_1_142' title='bbox 470 2231 556 2299; x_wconf 78' lang='lat' dir='ltr'>ristlm</span> <span class='ocrx_word' id='word_1_143' title='bbox 567 2239 694 2299; x_wconf 86' lang='lat' dir='ltr'>homini:</span> <span class='ocrx_word' id='word_1_144' title='bbox 706 2239 752 2296; x_wconf 85' lang='lat' dir='ltr'>in-</span> 
     </span>
     <span class='ocr_line' id='line_1_26' title="bbox 77 2318 753 2417; baseline 0 -39"><span class='ocrx_word' id='word_1_145' title='bbox 77 2322 349 2417; x_wconf 73' lang='lat' dir='ltr'>temperantiamque</span> <span class='ocrx_word' id='word_1_146' title='bbox 363 2319 425 2402; x_wconf 81' lang='lat' dir='ltr'>ejus</span> <span class='ocrx_word' id='word_1_147' title='bbox 441 2318 570 2380; x_wconf 87' lang='lat' dir='ltr'>constare</span> <span class='ocrx_word' id='word_1_148' title='bbox 587 2319 670 2378; x_wconf 86' lang='lat' dir='ltr'>lienis</span> <span class='ocrx_word' id='word_1_149' title='bbox 689 2336 753 2378; x_wconf 86' lang='lat' dir='ltr'>ma·</span> 
     </span>
     <span class='ocr_line' id='line_1_27' title="bbox 78 2395 753 2539; baseline 0.006 -85"><span class='ocrx_word' id='word_1_150' title='bbox 78 2395 231 2484; x_wconf 73' lang='lat' dir='ltr'>gnitudine.</span> <span class='ocrx_word' id='word_1_151' title='bbox 254 2400 335 2464; x_wconf 79' lang='lat' dir='ltr'>Asiae</span> <span class='ocrx_word' id='word_1_152' title='bbox 354 2420 384 2461; x_wconf 87' lang='lat' dir='ltr'>re</span> <span class='ocrx_word' id='word_1_153' title='bbox 405 2403 434 2461; x_wconf 89' lang='lat' dir='ltr'>io</span> <span class='ocrx_word' id='word_1_154' title='bbox 452 2399 566 2480; x_wconf 84' lang='lat' dir='ltr'>Scepsis</span> <span class='ocrx_word' id='word_1_155' title='bbox 577 2397 753 2539; x_wconf 49' lang='lat' dir='ltr'>apsellatut,</span> 
     </span>
     <span class='ocr_line' id='line_1_28' title="bbox 78 2420 753 2562; baseline -0.001 -23"><span class='ocrx_word' id='word_1_156' title='bbox 78 2491 107 2530; x_wconf 73' lang='lat'>¹⁰</span> <span class='ocrx_word' id='word_1_157' title='bbox 124 2478 180 2558; x_wconf 70' lang='lat' dir='ltr'>qud</span> <span class='ocrx_word' id='word_1_158' title='bbox 201 2484 342 2543; x_wconf 87' lang='lat' dir='ltr'>minimos</span> <span class='ocrx_word' id='word_1_159' title='bbox 368 2420 424 2540; x_wconf 64' lang='lat' dir='ltr'>ele</span> <span class='ocrx_word' id='word_1_160' title='bbox 447 2481 546 2562; x_wconf 86' lang='lat' dir='ltr'>pecori</span> <span class='ocrx_word' id='word_1_161' title='bbox 567 2495 610 2539; x_wconf 86' lang='lat' dir='ltr'>tra</span> <span class='ocrx_word' id='word_1_162' title='bbox 630 2494 700 2557; x_wconf 88' lang='lat' dir='ltr'>unt,</span> <span class='ocrx_word' id='word_1_163' title='bbox 719 2481 753 2544; x_wconf 73' lang='grc' dir='ltr'>δι</span> 
     </span>
     <span class='ocr_line' id='line_1_29' title="bbox 75 2552 614 2634; baseline 0.015 -20"><span class='ocrx_word' id='word_1_164' title='bbox 75 2552 142 2617; x_wconf 70' lang='lat' dir='ltr'>‘inde</span> <span class='ocrx_word' id='word_1_165' title='bbox 158 2561 195 2620; x_wconf 87' lang='lat' dir='ltr'>ad</span> <span class='ocrx_word' id='word_1_166' title='bbox 213 2563 322 2625; x_wconf 87' lang='lat' dir='ltr'>lienem</span> <span class='ocrx_word' id='word_1_167' title='bbox 343 2563 461 2622; x_wconf 82' lang='lat' dir='ltr'>inventa</span> <span class='ocrx_word' id='word_1_168' title='bbox 476 2559 614 2634; x_wconf 67' lang='lat' dir='ltr'>remedia.</span> 
     </span>
    </p>

    <p class='ocr_par' dir='ltr' id='par_1_5' title="bbox 79 2635 757 2886">
     <span class='ocr_line' id='line_1_30' title="bbox 117 2635 754 2722; baseline -0.006 -20"><span class='ocrx_word' id='word_1_169' title='bbox 117 2635 255 2721; x_wconf 75' lang='lat' dir='ltr'><strong>LXXXI.</strong></span> <span class='ocrx_word' id='word_1_170' title='bbox 275 2642 318 2706; x_wconf 82' lang='lat' dir='ltr'>At</span> <span class='ocrx_word' id='word_1_171' title='bbox 336 2645 365 2702; x_wconf 92' lang='lat' dir='ltr'>in</span> <span class='ocrx_word' id='word_1_172' title='bbox 380 2642 489 2704; x_wconf 87' lang='lat' dir='ltr'>Brileto</span> <span class='ocrx_word' id='word_1_173' title='bbox 503 2642 535 2703; x_wconf 74' lang='grc' dir='ltr'>δι</span> <span class='ocrx_word' id='word_1_174' title='bbox 552 2638 668 2709; x_wconf 86' lang='lat' dir='ltr'>Tharne</span> <span class='ocrx_word' id='word_1_175' title='bbox 679 2659 754 2722; x_wconf 88' lang='lat' dir='ltr'>qua-</span> 
     </span>
     <span class='ocr_line' id='line_1_31' title="bbox 82 2715 755 2804; baseline 0.003 -28"><span class='ocrx_word' id='word_1_176' title='bbox 82 2715 151 2777; x_wconf 81' lang='lat' dir='ltr'>terni</span> <span class='ocrx_word' id='word_1_177' title='bbox 166 2741 251 2786; x_wconf 86' lang='lat' dir='ltr'>renes</span> <span class='ocrx_word' id='word_1_178' title='bbox 270 2726 379 2786; x_wconf 75' lang='lat' dir='ltr'>cervis:</span> <span class='ocrx_word' id='word_1_179' title='bbox 399 2723 499 2784; x_wconf 67' lang='lat' dir='ltr'>coutr‘a</span> <span class='ocrx_word' id='word_1_180' title='bbox 508 2724 658 2804; x_wconf 86' lang='lat' dir='ltr'>pennatis,</span> <span class='ocrx_word' id='word_1_181' title='bbox 673 2720 755 2801; x_wconf 84' lang='lat' dir='ltr'>squa-</span> 
     </span>
     <span class='ocr_line' id='line_1_32' title="bbox 79 2797 757 2886; baseline 0.009 -33"><span class='ocrx_word' id='word_1_182' title='bbox 79 2797 222 2886; x_wconf 84' lang='lat' dir='ltr'>mosisque</span> <span class='ocrx_word' id='word_1_183' title='bbox 239 2805 319 2868; x_wconf 81' lang='lat' dir='ltr'>nulli.</span> <span class='ocrx_word' id='word_1_184' title='bbox 341 2802 451 2868; x_wconf 72' lang='lat' dir='ltr'>Ceteto</span> <span class='ocrx_word' id='word_1_185' title='bbox 468 2803 586 2865; x_wconf 83' lang='lat' dir='ltr'>summis</span> <span class='ocrx_word' id='word_1_186' title='bbox 609 2801 757 2860; x_wconf 82' lang='lat' dir='ltr'>adhaerent</span> 
     </span>
    </p>
   </div>
   <div class='ocr_carea' id='block_1_3' title="bbox 0 0 1033 3596">
    <p class='ocr_par' dir='ltr' id='par_1_6' title="bbox 0 0 1033 3596">
     <span class='ocr_line' id='line_1_33' title="bbox 0 0 1033 3596; baseline 0 0"><span class='ocrx_word' id='word_1_187' title='bbox 0 0 1033 3596; x_wconf 95' lang='lat' dir='ltr'> </span> 
     </span>
    </p>
   </div>
  </div>
 </body>
</html>
