1966 3618
196 281 269 346 '222
320 269 567 341 &Parim
596 270 801 346 Naana.
926 312 964 326 ··

196 393 278 452 annis
295 391 337 451 ibi
356 408 471 450 auream
497 405 627 470 pateram
653 388 910 477 argenteamque

197 489 333 556 mergunt
350 473 385 531 iis
403 470 505 531 diebus
529 490 604 552 quos
632 469 742 532 hahent
770 478 896 537 natales

196 554 291 636 Apis:
308 551 416 634 septem
429 553 459 612 hi
468 549 548 624 sunt,
559 552 725 634 mirumque
734 557 896 619 neminem

219 653 252 696 er
267 653 353 695 cosa·
372 631 527 696 crocodilis
540 634 659 714 attingi:
681 633 789 696 oiiavo
864 635 895 699 st
939 701 945 706 ,

195 658 300 777 loram
327 715 385 776 diei
411 714 541 787 seuram,
557 714 650 775 redire
674 713 781 777 belluae
822 720 896 779 eri·=
922 722 925 726 ’

197 812 295 858 tatem.
569 846 572 849 .

238 876 360 937 LXXII.
372 897 423 956 47.
433 876 543 959 Magna
552 876 585 938 δι
594 877 697 958 pecori
707 878 822 960 gratia,
831 877 892 940 vel

197 958 228 1017 in
247 957 433 1040 placamentis
447 957 647 1031 deorum,vel
666 961 697 1016 in
716 956 766 1018 usu
784 959 891 1020 velle·

198 1058 272 1098 runt.
285 1038 327 1098 Ut
335 1038 429 1099 boves
437 1037 547 1099 villum
561 1038 713 1099 hominurn
723 1039 892 1116 excolunt,

198 1121 239 1178 ita
256 1138 412 1200 corporum
434 1118 526 1199 tutela
543 1121 643 1200 pecori
664 1118 797 1180 debetur.
813 1118 895 1182 θεὲ

198 1201 312 1262 necatio
331 1200 417 1262 bimis
426 1202 570 1282 utrimque
580 1198 617 1258 ad
629 1219 764 1260 novenos
772 1214 890 1266 annosa

198 1280 368 1364 quibusdam
387 1282 420 1343 &
437 1280 474 1341 ad
485 1281 642 1341 decimum.
652 1279 820 1362 Primiparis
830 1284 891 1342 mia

198 1382 286 1422 nores
308 1361 392 1423 fetus.
420 1359 524 1422 Coitus
546 1360 683 1421 omnibus
699 1362 745 1421 ‘ad
765 1361 889 1423 Arcturi

199 1440 352 1516 occasum
367 1442 397 1502 id
414 1440 500 1516 est,a
516 1445 602 1502 tertio
619 1440 688 1502 Idus
709 1441 826 1515 Maias,
846 1441 889 1504 ad

199 1522 316 1607 Aquilae
332 1521 465 1585 occasum
483 1525 513 1582 in
532 1538 566 1583 x.
584 1521 650 1583 Kal.
669 1521 747 1606 Aug.
766 1522 891 1591 Gerunt

198 1621 314 1685 partum
326 1605 427 1666 diebus
441 1619 558 1664 centurn
569 1603 791 1686 quinquaginta:
801 1604 890 1686 post·

199 1705 235 1745 ea
263 1688 398 1766 concepti
432 1684 560 1745 invalidi.
592 1681 711 1745 Cordus
736 1686 889 1747 vocabant

197 1767 309 1846 antiqui
320 1764 385 1847 post
396 1764 554 1847 idternpus
571 1780 662 1825 natos.
682 1763 770 1824 Multi
786 1766 889 1829 hiberss

198 1864 253 1905 nos
269 1866 360 1929 agnos
380 1843 537 1928 praeferunt
548 1848 661 1919 vernis,
671 1849 811 1928 quoniam
823 1867 890 1913 ma·

198 1927 243 2008 gis
261 1927 373 1988 intersit
393 1942 458 1986 ante
475 1922 623 1986 solstitium
635 1925 724 2008 quim
736 1945 804 1987 ante
815 1927 889 1989 bru·

197 2022 277 2067 mam
303 2006 404 2069 firrnos
427 2004 503 2080 elle,
524 2005 675 2103 solumque
699 2009 757 2068 hoc
776 2009 887 2071 animal

199 2088 308 2146 utiliter
322 2087 424 2149 bruttii
442 2085 526 2149 nasci.
541 2087 638 2149 Ariett
651 2089 778 2149 naturale
793 2106 888 2173 agnae

144 2215 146 2221 .
166 2221 172 2228 .
198 2165 342 2242 fastidire,
363 2166 507 2228 senetiant
526 2170 629 2229 ovium
654 2168 830 2231 consectari:
847 2173 885 2233 &

198 2244 259 2331 ipse
278 2246 390 2318 senecia
409 2249 533 2322 melior,
549 2250 668 2310 mutilus
683 2271 800 2333 quoquc
824 2252 887 2312 uti-

198 2328 264 2391 lior.
289 2328 408 2391 Ferocia
419 2326 483 2410 ejus
502 2329 673 2404 cohibetur,
688 2344 778 2393 cornu
799 2329 890 2411 puxta‘

196 2428 298 2470 aurern
315 2411 471 2473 terebrato.
496 2407 620 2489 Dextro·
639 2408 710 2472 teile
730 2412 890 2494 praeligato·

197 2488 323 2553 feminas
334 2509 467 2574 generat,
479 2492 671 2572 laevontares.
683 2492 827 2553 Tonitrua
839 2492 890 2554 soi

197 2571 297 2632 litariis
310 2573 415 2633 ovibus
429 2572 546 2634 abortus
555 2573 692 2635 inferunt.
701 2573 886 2636 Remedium

197 2649 422 2793 estcoqpregare
431 2665 625 2727 eas,ut'coetu
635 2652 816 2736 interamnii
841 2657 887 2715 ui·

190 2731 274 2795 ⁴louis
315 2750 363 2795 atu
381 2755 476 2796 mares
498 2737 613 2817 concipi
643 2736 762 2808 dicunt,
777 2676 892 2799 Acilio

198 2808 334 2881 feminas:
347 2831 433 2902 atque
447 2819 477 2881 in
493 2835 530 2880 eo
551 2835 658 2901 genere
678 2819 801 2881 arietum
815 2835 887 2883 ma*
