<?xml version="1.0" encoding="UTF-8"?>
<!DOCTYPE html PUBLIC "-//W3C//DTD XHTML 1.0 Transitional//EN"
    "http://www.w3.org/TR/xhtml1/DTD/xhtml1-transitional.dtd">
<html xmlns="http://www.w3.org/1999/xhtml" xml:lang="en" lang="en">
 <head>
  <title>
</title>
<meta http-equiv="Content-Type" content="text/html;charset=utf-8" />
  <meta name='ocr-system' content='tesseract 3.04.00' />
  <meta name='ocr-capabilities' content='ocr_page ocr_carea ocr_par ocr_line ocrx_word'/>
</head>
<body>
  <div class='ocr_page' id='page_1' title='image "./caiipliniisecun00brotgoog_0239.png"; bbox 0 0 1966 3618; ppageno 0'>
   <div class='ocr_carea' id='block_1_1' title="bbox 189 263 770 364">
    <p class='ocr_par' dir='ltr' id='par_1_1' title="bbox 189 263 770 364">
     <span class='ocr_line' id='line_1_1' title="bbox 189 263 770 364; baseline -0.005 -22"><span class='ocrx_word' id='word_1_1' title='bbox 189 274 267 364; x_wconf 75' lang='lat'><em>‘232-</em></span> <span class='ocrx_word' id='word_1_2' title='bbox 301 263 770 341; x_wconf 66' lang='lat' dir='ltr'>GPzrrrtrNArur.</span> 
     </span>
    </p>
   </div>
   <div class='ocr_carea' id='block_1_2' title="bbox 190 380 977 457">
    <p class='ocr_par' dir='ltr' id='par_1_2' title="bbox 190 380 977 457">
     <span class='ocr_line' id='line_1_2' title="bbox 190 380 977 457; baseline -0.005 -7"><span class='ocrx_word' id='word_1_3' title='bbox 190 409 259 451; x_wconf 80' lang='lat' dir='ltr'>uere</span> <span class='ocrx_word' id='word_1_4' title='bbox 277 385 368 447; x_wconf 86' lang='lat' dir='ltr'>cauda</span> <span class='ocrx_word' id='word_1_5' title='bbox 384 385 441 457; x_wconf 89' lang='lat' dir='ltr'>sit,</span> <span class='ocrx_word' id='word_1_6' title='bbox 456 403 564 445; x_wconf 83' lang='lat' dir='ltr'>novam</span> <span class='ocrx_word' id='word_1_7' title='bbox 585 380 780 447; x_wconf 82' lang='lat' dir='ltr'>exsultatione·</span> <span class='ocrx_word' id='word_1_8' title='bbox 798 381 883 448; x_wconf 83' lang='lat' dir='ltr'>arlo·</span> <span class='ocrx_word' id='word_1_9' title='bbox 976 448 977 455; x_wconf 9' lang='grc' dir='ltr'>χ</span> 
     </span>
    </p>
   </div>
   <div class='ocr_carea' id='block_1_3' title="bbox 188 463 886 870">
    <p class='ocr_par' dir='ltr' id='par_1_3' title="bbox 188 463 886 870">
     <span class='ocr_line' id='line_1_3' title="bbox 190 463 882 548; baseline -0.004 -19"><span class='ocrx_word' id='word_1_10' title='bbox 190 488 341 529; x_wconf 80' lang='lat' dir='ltr'>raretnam</span> <span class='ocrx_word' id='word_1_11' title='bbox 356 463 500 526; x_wconf 71' lang='lat' dir='ltr'>defessum</span> <span class='ocrx_word' id='word_1_12' title='bbox 512 464 641 525; x_wconf 86' lang='lat' dir='ltr'>siderum</span> <span class='ocrx_word' id='word_1_13' title='bbox 658 466 691 526; x_wconf 88' lang='lat'>&amp;</span> <span class='ocrx_word' id='word_1_14' title='bbox 703 483 812 526; x_wconf 75' lang='lat' dir='ltr'>ceterae</span> <span class='ocrx_word' id='word_1_15' title='bbox 824 488 882 548; x_wconf 87' lang='lat' dir='ltr'>pa·</span> 
     </span>
     <span class='ocr_line' id='line_1_4' title="bbox 188 542 880 630; baseline -0.003 -20"><span class='ocrx_word' id='word_1_16' title='bbox 188 568 261 611; x_wconf 80' lang='lat' dir='ltr'>vent</span> <span class='ocrx_word' id='word_1_17' title='bbox 279 545 489 630; x_wconf 85' lang='lat' dir='ltr'><strong>quadrupedes.</strong></span> <span class='ocrx_word' id='word_1_18' title='bbox 511 542 664 605; x_wconf 89' lang='lat' dir='ltr'>Simiarum</span> <span class='ocrx_word' id='word_1_19' title='bbox 681 549 781 627; x_wconf 83' lang='lat' dir='ltr'>generi</span> <span class='ocrx_word' id='word_1_20' title='bbox 800 567 880 627; x_wconf 78' lang='lat' dir='ltr'>prae·</span> 
     </span>
     <span class='ocr_line' id='line_1_5' title="bbox 189 623 886 711; baseline -0.003 -23"><span class='ocrx_word' id='word_1_21' title='bbox 189 631 274 710; x_wconf 82' lang='lat' dir='ltr'>cipua</span> <span class='ocrx_word' id='word_1_22' title='bbox 287 649 355 711; x_wconf 87' lang='lat' dir='ltr'>erga</span> <span class='ocrx_word' id='word_1_23' title='bbox 373 625 465 687; x_wconf 87' lang='lat' dir='ltr'>serum</span> <span class='ocrx_word' id='word_1_24' title='bbox 482 623 616 686; x_wconf 73' lang='lat' dir='ltr'>adfectio.</span> <span class='ocrx_word' id='word_1_25' title='bbox 639 623 763 687; x_wconf 86' lang='lat' dir='ltr'>Gestant</span> <span class='ocrx_word' id='word_1_26' title='bbox 788 645 886 689; x_wconf 52' lang='lat' dir='ltr'>catum.</span> 
     </span>
     <span class='ocr_line' id='line_1_6' title="bbox 189 705 880 790; baseline 0 -20"><span class='ocrx_word' id='word_1_27' title='bbox 189 709 252 782; x_wconf 92' lang='lat' dir='ltr'>los,</span> <span class='ocrx_word' id='word_1_28' title='bbox 272 730 337 790; x_wconf 86' lang='lat' dir='ltr'>quae</span> <span class='ocrx_word' id='word_1_29' title='bbox 353 705 547 768; x_wconf 69' lang='lat' dir='ltr'>mansuesaslae</span> <span class='ocrx_word' id='word_1_30' title='bbox 564 709 636 766; x_wconf 86' lang='lat' dir='ltr'>intra</span> <span class='ocrx_word' id='word_1_31' title='bbox 652 706 759 768; x_wconf 90' lang='lat' dir='ltr'>domos</span> <span class='ocrx_word' id='word_1_32' title='bbox 781 728 880 789; x_wconf 86' lang='lat' dir='ltr'>pepe·</span> 
     </span>
     <span class='ocr_line' id='line_1_7' title="bbox 190 785 876 870; baseline 0.001 -21"><span class='ocrx_word' id='word_1_33' title='bbox 190 809 283 863; x_wconf 87' lang='lat' dir='ltr'>tere,</span> <span class='ocrx_word' id='word_1_34' title='bbox 308 788 442 851; x_wconf 89' lang='lat' dir='ltr'>omnibus</span> <span class='ocrx_word' id='word_1_35' title='bbox 463 785 681 861; x_wconf 86' lang='lat' dir='ltr'>demonstrant,</span> <span class='ocrx_word' id='word_1_36' title='bbox 702 786 876 870; x_wconf 73' lang='lat' dir='ltr'>tractarique</span> 
     </span>
    </p>
   </div>
   <div class='ocr_carea' id='block_1_4' title="bbox 15 866 880 952">
    <p class='ocr_par' dir='ltr' id='par_1_4' title="bbox 15 866 880 952">
     <span class='ocr_line' id='line_1_8' title="bbox 15 866 880 952; baseline -0.001 -23"><span class='ocrx_word' id='word_1_37' title='bbox 15 890 19 897; x_wconf 85' lang='grc'><strong>’</strong></span> <span class='ocrx_word' id='word_1_38' title='bbox 124 934 127 939; x_wconf 65' lang='grc'><em>,</em></span> <span class='ocrx_word' id='word_1_39' title='bbox 189 870 333 952; x_wconf 78' lang='lat' dir='ltr'>gaudent,</span> <span class='ocrx_word' id='word_1_40' title='bbox 353 869 569 951; x_wconf 83' lang='lat' dir='ltr'>gratulationem</span> <span class='ocrx_word' id='word_1_41' title='bbox 589 866 815 950; x_wconf 71' lang='lat' dir='ltr'>intelligentibus</span> <span class='ocrx_word' id='word_1_42' title='bbox 834 871 880 930; x_wconf 84' lang='lat' dir='ltr'>si·</span> 
     </span>
    </p>
   </div>
   <div class='ocr_carea' id='block_1_5' title="bbox 191 948 880 1032">
    <p class='ocr_par' dir='ltr' id='par_1_5' title="bbox 191 948 880 1032">
     <span class='ocr_line' id='line_1_9' title="bbox 191 948 880 1032; baseline 0.001 -23"><span class='ocrx_word' id='word_1_43' title='bbox 191 950 514 1032; x_wconf 72' lang='lat' dir='ltr'>milesltaquemagni</span> <span class='ocrx_word' id='word_1_44' title='bbox 526 965 652 1030; x_wconf 86' lang='lat' dir='ltr'>exparte</span> <span class='ocrx_word' id='word_1_45' title='bbox 669 948 880 1029; x_wconf 72' lang='lat' dir='ltr'>complesien·</span> 
     </span>
    </p>
   </div>
   <div class='ocr_carea' id='block_1_6' title="bbox 190 1028 977 1110">
    <p class='ocr_par' dir='ltr' id='par_1_6' title="bbox 190 1028 977 1110">
     <span class='ocr_line' id='line_1_10' title="bbox 190 1028 977 1110; baseline -0.004 -17"><span class='ocrx_word' id='word_1_46' title='bbox 190 1028 358 1095; x_wconf 79' lang='lat' dir='ltr'>dunecant.</span> <span class='ocrx_word' id='word_1_47' title='bbox 380 1028 534 1091; x_wconf 84' lang='lat' dir='ltr'>Efferatior</span> <span class='ocrx_word' id='word_1_48' title='bbox 542 1030 748 1110; x_wconf 87' lang='lat' dir='ltr'>cynocephalis</span> <span class='ocrx_word' id='word_1_49' title='bbox 756 1046 876 1104; x_wconf 84' lang='lat' dir='ltr'>natura,</span> <span class='ocrx_word' id='word_1_50' title='bbox 976 1072 977 1075; x_wconf 17' lang='grc' dir='ltr'>η</span> 
     </span>
    </p>
   </div>
   <div class='ocr_carea' id='block_1_7' title="bbox 190 1109 882 1516">
    <p class='ocr_par' dir='ltr' id='par_1_7' title="bbox 190 1109 882 1516">
     <span class='ocr_line' id='line_1_11' title="bbox 193 1109 879 1191; baseline 0.003 -21"><span class='ocrx_word' id='word_1_51' title='bbox 193 1113 265 1172; x_wconf 88' lang='lat' dir='ltr'>sicut</span> <span class='ocrx_word' id='word_1_52' title='bbox 281 1109 592 1191; x_wconf 59' lang='lat' dir='ltr'>satyris.2Callitriches</span> <span class='ocrx_word' id='word_1_53' title='bbox 612 1125 678 1171; x_wconf 91' lang='lat' dir='ltr'>toto</span> <span class='ocrx_word' id='word_1_54' title='bbox 690 1131 774 1191; x_wconf 83' lang='lat' dir='ltr'>paene</span> <span class='ocrx_word' id='word_1_55' title='bbox 793 1109 879 1191; x_wconf 74' lang='lat' dir='ltr'>asp&#39;e·</span> 
     </span>
     <span class='ocr_line' id='line_1_12' title="bbox 192 1189 882 1263; baseline 0.001 -12"><span class='ocrx_word' id='word_1_56' title='bbox 192 1189 238 1252; x_wconf 73' lang='lat' dir='ltr'>siu</span> <span class='ocrx_word' id='word_1_57' title='bbox 260 1191 408 1254; x_wconf 86' lang='lat' dir='ltr'>differunt:</span> <span class='ocrx_word' id='word_1_58' title='bbox 421 1192 509 1252; x_wconf 85' lang='lat' dir='ltr'>barba</span> <span class='ocrx_word' id='word_1_59' title='bbox 520 1190 561 1250; x_wconf 88' lang='lat' dir='ltr'>est</span> <span class='ocrx_word' id='word_1_60' title='bbox 577 1193 608 1250; x_wconf 92' lang='lat' dir='ltr'>in</span> <span class='ocrx_word' id='word_1_61' title='bbox 624 1189 716 1263; x_wconf 88' lang='lat' dir='ltr'>facie,</span> <span class='ocrx_word' id='word_1_62' title='bbox 735 1191 829 1252; x_wconf 85' lang='lat' dir='ltr'>cauda</span> <span class='ocrx_word' id='word_1_63' title='bbox 838 1193 882 1252; x_wconf 60' lang='lat' dir='ltr'>lm</span> 
     </span>
     <span class='ocr_line' id='line_1_13' title="bbox 190 1270 878 1355; baseline 0 -22"><span class='ocrx_word' id='word_1_64' title='bbox 190 1272 221 1333; x_wconf 77' lang='lat' dir='ltr'>te</span> <span class='ocrx_word' id='word_1_65' title='bbox 241 1270 301 1334; x_wconf 88' lang='lat' dir='ltr'>susa</span> <span class='ocrx_word' id='word_1_66' title='bbox 317 1276 436 1355; x_wconf 89' lang='lat' dir='ltr'>primori</span> <span class='ocrx_word' id='word_1_67' title='bbox 452 1288 543 1355; x_wconf 84' lang='lat' dir='ltr'>parte.</span> <span class='ocrx_word' id='word_1_68' title='bbox 561 1271 630 1331; x_wconf 88' lang='lat' dir='ltr'>Hoc</span> <span class='ocrx_word' id='word_1_69' title='bbox 641 1273 746 1333; x_wconf 85' lang='lat' dir='ltr'>animal</span> <span class='ocrx_word' id='word_1_70' title='bbox 755 1290 878 1354; x_wconf 85' lang='lat' dir='ltr'>negatur</span> 
     </span>
     <span class='ocr_line' id='line_1_14' title="bbox 193 1351 878 1437; baseline 0 -24"><span class='ocrx_word' id='word_1_71' title='bbox 193 1355 296 1414; x_wconf 84' lang='lat' dir='ltr'>vivete</span> <span class='ocrx_word' id='word_1_72' title='bbox 313 1358 342 1413; x_wconf 91' lang='lat' dir='ltr'>in</span> <span class='ocrx_word' id='word_1_73' title='bbox 360 1354 418 1414; x_wconf 89' lang='lat' dir='ltr'>alio</span> <span class='ocrx_word' id='word_1_74' title='bbox 436 1353 525 1435; x_wconf 72' lang='lat' dir='ltr'>quim</span> <span class='ocrx_word' id='word_1_75' title='bbox 547 1351 724 1436; x_wconf 82' lang='lat' dir='ltr'>AEthiopiae,</span> <span class='ocrx_word' id='word_1_76' title='bbox 750 1374 811 1435; x_wconf 92' lang='lat' dir='ltr'>quo</span> <span class='ocrx_word' id='word_1_77' title='bbox 831 1356 878 1437; x_wconf 88' lang='lat' dir='ltr'>gi·</span> 
     </span>
     <span class='ocr_line' id='line_1_15' title="bbox 195 1434 411 1516; baseline 0.009 -23"><span class='ocrx_word' id='word_1_78' title='bbox 195 1435 310 1516; x_wconf 82' lang='lat' dir='ltr'>guitur,</span> <span class='ocrx_word' id='word_1_79' title='bbox 329 1434 411 1495; x_wconf 88' lang='lat' dir='ltr'>caelo.</span> 
     </span>
    </p>
   </div>
   <div class='ocr_carea' id='block_1_8' title="bbox 205 1476 883 1598">
    <p class='ocr_par' dir='ltr' id='par_1_8' title="bbox 205 1476 883 1598">
     <span class='ocr_line' id='line_1_16' title="bbox 205 1476 883 1598; baseline 0.006 -24"><span class='ocrx_word' id='word_1_80' title='bbox 205 1556 208 1563; x_wconf 63' lang='lat'>.</span> <span class='ocrx_word' id='word_1_81' title='bbox 235 1514 372 1577; x_wconf 89' lang='lat' dir='ltr'>LXXXI.</span> <span class='ocrx_word' id='word_1_82' title='bbox 394 1528 440 1596; x_wconf 79' lang='lat'>55.</span> <span class='ocrx_word' id='word_1_83' title='bbox 453 1514 498 1577; x_wconf 65' lang='lat' dir='ltr'>⁴Et</span> <span class='ocrx_word' id='word_1_84' title='bbox 510 1515 643 1596; x_wconf 88' lang='lat' dir='ltr'>leporum</span> <span class='ocrx_word' id='word_1_85' title='bbox 655 1514 737 1596; x_wconf 87' lang='lat' dir='ltr'>plura</span> <span class='ocrx_word' id='word_1_86' title='bbox 749 1511 814 1577; x_wconf 87' lang='lat' dir='ltr'>sunt</span> <span class='ocrx_word' id='word_1_87' title='bbox 825 1476 883 1598; x_wconf 45' lang='lat' dir='ltr'>ges</span> 
     </span>
    </p>
   </div>
   <div class='ocr_carea' id='block_1_9' title="bbox 193 1595 977 1677">
    <p class='ocr_par' dir='ltr' id='par_1_9' title="bbox 193 1595 977 1677">
     <span class='ocr_line' id='line_1_17' title="bbox 193 1595 977 1677; baseline 0 -20"><span class='ocrx_word' id='word_1_88' title='bbox 193 1616 264 1657; x_wconf 81' lang='lat' dir='ltr'>nera</span> <span class='ocrx_word' id='word_1_89' title='bbox 275 1619 282 1658; x_wconf 79' lang='lat' dir='ltr'><strong><em>z</em></strong></span> <span class='ocrx_word' id='word_1_90' title='bbox 295 1599 324 1656; x_wconf 89' lang='lat' dir='ltr'>in</span> <span class='ocrx_word' id='word_1_91' title='bbox 335 1595 459 1677; x_wconf 83' lang='lat' dir='ltr'>Alpibus</span> <span class='ocrx_word' id='word_1_92' title='bbox 473 1597 587 1657; x_wconf 88' lang='lat' dir='ltr'>candidi</span> <span class='ocrx_word' id='word_1_93' title='bbox 600 1638 611 1668; x_wconf 71' lang='grc'><em>,</em></span> <span class='ocrx_word' id='word_1_94' title='bbox 631 1595 735 1677; x_wconf 83' lang='lat' dir='ltr'>quibus</span> <span class='ocrx_word' id='word_1_95' title='bbox 751 1596 880 1657; x_wconf 81' lang='lat' dir='ltr'>hibernis</span> <span class='ocrx_word' id='word_1_96' title='bbox 976 1598 977 1601; x_wconf 66' lang='grc'>’</span> 
     </span>
    </p>
   </div>
   <div class='ocr_carea' id='block_1_10' title="bbox 194 1675 877 1757">
    <p class='ocr_par' dir='ltr' id='par_1_10' title="bbox 194 1675 877 1757">
     <span class='ocr_line' id='line_1_18' title="bbox 194 1675 877 1757; baseline 0.003 -20"><span class='ocrx_word' id='word_1_97' title='bbox 194 1677 341 1737; x_wconf 89' lang='lat' dir='ltr'>mensibus</span> <span class='ocrx_word' id='word_1_98' title='bbox 359 1699 412 1757; x_wconf 91' lang='lat' dir='ltr'>pro</span> <span class='ocrx_word' id='word_1_99' title='bbox 432 1678 526 1738; x_wconf 89' lang='lat' dir='ltr'>cibatu</span> <span class='ocrx_word' id='word_1_100' title='bbox 547 1680 646 1738; x_wconf 86' lang='lat' dir='ltr'>nivem</span> <span class='ocrx_word' id='word_1_101' title='bbox 663 1676 788 1738; x_wconf 86' lang='lat' dir='ltr'>credunt</span> <span class='ocrx_word' id='word_1_102' title='bbox 805 1675 877 1739; x_wconf 78' lang='lat' dir='ltr'>effe:</span> 
     </span>
    </p>
   </div>
   <div class='ocr_carea' id='block_1_11' title="bbox 193 1755 977 2001">
    <p class='ocr_par' dir='ltr' id='par_1_11' title="bbox 193 1755 977 2001">
     <span class='ocr_line' id='line_1_19' title="bbox 193 1755 977 1839; baseline 0.003 -23"><span class='ocrx_word' id='word_1_103' title='bbox 193 1759 270 1818; x_wconf 62' lang='lat' dir='ltr'>certi</span> <span class='ocrx_word' id='word_1_104' title='bbox 285 1756 461 1839; x_wconf 88' lang='lat' dir='ltr'>liquescente</span> <span class='ocrx_word' id='word_1_105' title='bbox 483 1758 517 1819; x_wconf 75' lang='lat' dir='ltr'>ei</span> <span class='ocrx_word' id='word_1_106' title='bbox 535 1755 700 1819; x_wconf 87' lang='lat' dir='ltr'>rutilescunt</span> <span class='ocrx_word' id='word_1_107' title='bbox 722 1761 880 1820; x_wconf 81' lang='lat' dir='ltr'>annisum·</span> <span class='ocrx_word' id='word_1_108' title='bbox 976 1792 977 1799; x_wconf 23' lang='grc' dir='ltr'><strong>κ</strong></span> 
     </span>
     <span class='ocr_line' id='line_1_20' title="bbox 193 1837 977 1920; baseline 0 -22"><span class='ocrx_word' id='word_1_109' title='bbox 193 1838 278 1898; x_wconf 87' lang='lat' dir='ltr'>nibus</span> <span class='ocrx_word' id='word_1_110' title='bbox 297 1860 305 1900; x_wconf 74' lang='grc' dir='ltr'><em>τ</em></span> <span class='ocrx_word' id='word_1_111' title='bbox 326 1839 359 1899; x_wconf 88' lang='lat'>&amp;</span> <span class='ocrx_word' id='word_1_112' title='bbox 386 1837 427 1899; x_wconf 92' lang='lat' dir='ltr'>est</span> <span class='ocrx_word' id='word_1_113' title='bbox 445 1837 552 1920; x_wconf 83' lang='lat' dir='ltr'>alioqui</span> <span class='ocrx_word' id='word_1_114' title='bbox 576 1837 690 1898; x_wconf 85' lang='lat' dir='ltr'>animal</span> <span class='ocrx_word' id='word_1_115' title='bbox 702 1838 880 1899; x_wconf 85' lang='lat' dir='ltr'>intolerandi</span> <span class='ocrx_word' id='word_1_116' title='bbox 976 1870 977 1873; x_wconf 36' lang='lat'>¹</span> 
     </span>
     <span class='ocr_line' id='line_1_21' title="bbox 194 1919 977 2001; baseline -0.001 -23"><span class='ocrx_word' id='word_1_117' title='bbox 194 1920 296 2000; x_wconf 85' lang='lat' dir='ltr'>rigoris</span> <span class='ocrx_word' id='word_1_118' title='bbox 323 1920 480 1981; x_wconf 87' lang='lat' dir='ltr'>alumnum.</span> <span class='ocrx_word' id='word_1_119' title='bbox 502 1920 650 2001; x_wconf 88' lang='lat' dir='ltr'>Leporum</span> <span class='ocrx_word' id='word_1_120' title='bbox 679 1923 794 2000; x_wconf 89' lang='lat' dir='ltr'>generis</span> <span class='ocrx_word' id='word_1_121' title='bbox 816 1919 878 1981; x_wconf 91' lang='lat' dir='ltr'>sunt</span> <span class='ocrx_word' id='word_1_122' title='bbox 976 1972 977 1977; x_wconf 73' lang='grc'>,</span> 
     </span>
    </p>
   </div>
   <div class='ocr_carea' id='block_1_12' title="bbox 115 1999 977 2891">
    <p class='ocr_par' dir='ltr' id='par_1_12' title="bbox 115 1999 977 2891">
     <span class='ocr_line' id='line_1_22' title="bbox 196 1999 879 2081; baseline 0.003 -21"><span class='ocrx_word' id='word_1_123' title='bbox 196 2001 229 2067; x_wconf 71' lang='grc' dir='ltr'>ὅ(</span> <span class='ocrx_word' id='word_1_124' title='bbox 271 2020 324 2060; x_wconf 88' lang='lat' dir='ltr'>uos</span> <span class='ocrx_word' id='word_1_125' title='bbox 341 1999 477 2080; x_wconf 84' lang='lat' dir='ltr'>Hispania</span> <span class='ocrx_word' id='word_1_126' title='bbox 504 2001 652 2060; x_wconf 87' lang='lat' dir='ltr'>cuniculos</span> <span class='ocrx_word' id='word_1_127' title='bbox 675 2000 819 2081; x_wconf 86' lang='lat' dir='ltr'>appellat,</span> <span class='ocrx_word' id='word_1_128' title='bbox 835 1999 879 2063; x_wconf 81' lang='lat' dir='ltr'>st.-¹</span> 
     </span>
     <span class='ocr_line' id='line_1_23' title="bbox 194 2022 877 2162; baseline 0.004 -25"><span class='ocrx_word' id='word_1_129' title='bbox 194 2022 347 2139; x_wconf 78' lang='lat' dir='ltr'>cunliratis</span> <span class='ocrx_word' id='word_1_130' title='bbox 367 2082 545 2155; x_wconf 78' lang='lat' dir='ltr'>innumera,</span> <span class='ocrx_word' id='word_1_131' title='bbox 562 2079 727 2162; x_wconf 84' lang='lat' dir='ltr'>famemque</span> <span class='ocrx_word' id='word_1_132' title='bbox 753 2080 877 2140; x_wconf 87' lang='lat' dir='ltr'>Baleari·</span> 
     </span>
     <span class='ocr_line' id='line_1_24' title="bbox 194 2152 877 2241; baseline 0.003 -23"><span class='ocrx_word' id='word_1_133' title='bbox 194 2161 249 2218; x_wconf 91' lang='lat' dir='ltr'>bus</span> <span class='ocrx_word' id='word_1_134' title='bbox 266 2152 379 2238; x_wconf 76' lang='lat' dir='ltr'>insulis,</span> <span class='ocrx_word' id='word_1_135' title='bbox 400 2161 544 2241; x_wconf 88' lang='lat' dir='ltr'>populatis</span> <span class='ocrx_word' id='word_1_136' title='bbox 559 2162 700 2223; x_wconf 85' lang='lat' dir='ltr'>messibus</span> <span class='ocrx_word' id='word_1_137' title='bbox 712 2159 877 2223; x_wconf 84' lang='lat' dir='ltr'>afferentes.</span> 
     </span>
     <span class='ocr_line' id='line_1_25' title="bbox 194 2236 878 2315; baseline 0.004 -17"><span class='ocrx_word' id='word_1_138' title='bbox 194 2236 281 2300; x_wconf 86' lang='lat' dir='ltr'>Fetus</span> <span class='ocrx_word' id='word_1_139' title='bbox 302 2243 397 2300; x_wconf 87' lang='lat' dir='ltr'>ventri</span> <span class='ocrx_word' id='word_1_140' title='bbox 420 2239 568 2315; x_wconf 66' lang='lat' dir='ltr'>exsectos,</span> <span class='ocrx_word' id='word_1_141' title='bbox 588 2243 638 2304; x_wconf 85' lang='lat' dir='ltr'>vel</span> <span class='ocrx_word' id='word_1_142' title='bbox 658 2241 796 2303; x_wconf 87' lang='lat' dir='ltr'>uberibus</span> <span class='ocrx_word' id='word_1_143' title='bbox 807 2241 878 2302; x_wconf 84' lang='lat' dir='ltr'>abla-</span> 
     </span>
     <span class='ocr_line' id='line_1_26' title="bbox 195 2323 878 2404; baseline 0.004 -24"><span class='ocrx_word' id='word_1_144' title='bbox 195 2334 263 2392; x_wconf 86' lang='lat' dir='ltr'>tos,</span> <span class='ocrx_word' id='word_1_145' title='bbox 284 2343 343 2382; x_wconf 88' lang='lat' dir='ltr'>non</span> <span class='ocrx_word' id='word_1_146' title='bbox 361 2342 391 2382; x_wconf 91' lang='lat' dir='ltr'>re</span> <span class='ocrx_word' id='word_1_147' title='bbox 414 2324 519 2404; x_wconf 82' lang='lat' dir='ltr'>urgatis</span> <span class='ocrx_word' id='word_1_148' title='bbox 530 2323 702 2395; x_wconf 86' lang='lat' dir='ltr'>interaneis,</span> <span class='ocrx_word' id='word_1_149' title='bbox 715 2325 878 2404; x_wconf 85' lang='lat' dir='ltr'>gratissimo</span> 
     </span>
     <span class='ocr_line' id='line_1_27' title="bbox 195 2344 880 2465; baseline 0.007 -8"><span class='ocrx_word' id='word_1_150' title='bbox 195 2399 227 2458; x_wconf 90' lang='lat' dir='ltr'>in</span> <span class='ocrx_word' id='word_1_151' title='bbox 248 2402 343 2463; x_wconf 87' lang='lat' dir='ltr'>cibatu</span> <span class='ocrx_word' id='word_1_152' title='bbox 359 2344 483 2465; x_wconf 78' lang='lat' dir='ltr'>habent:</span> <span class='ocrx_word' id='word_1_153' title='bbox 502 2403 622 2464; x_wconf 83' lang='lat' dir='ltr'>laurices</span> <span class='ocrx_word' id='word_1_154' title='bbox 650 2421 767 2463; x_wconf 89' lang='lat' dir='ltr'>vocant.</span> <span class='ocrx_word' id='word_1_155' title='bbox 800 2400 880 2465; x_wconf 67' lang='lat' dir='ltr'>cers</span> 
     </span>
     <span class='ocr_line' id='line_1_28' title="bbox 195 2480 879 2565; baseline 0.01 -27"><span class='ocrx_word' id='word_1_156' title='bbox 195 2494 257 2538; x_wconf 89' lang='lat' dir='ltr'>tum</span> <span class='ocrx_word' id='word_1_157' title='bbox 277 2480 339 2552; x_wconf 88' lang='lat' dir='ltr'>est,</span> <span class='ocrx_word' id='word_1_158' title='bbox 361 2482 524 2544; x_wconf 85' lang='lat' dir='ltr'>Balearicos</span> <span class='ocrx_word' id='word_1_159' title='bbox 549 2485 688 2545; x_wconf 81' lang='lat' dir='ltr'>adversus</span> <span class='ocrx_word' id='word_1_160' title='bbox 700 2500 879 2565; x_wconf 83' lang='lat' dir='ltr'>proventum</span> 
     </span>
     <span class='ocr_line' id='line_1_29' title="bbox 197 2562 878 2646; baseline 0.004 -26"><span class='ocrx_word' id='word_1_161' title='bbox 197 2579 309 2620; x_wconf 86' lang='lat' dir='ltr'>eorum·</span> <span class='ocrx_word' id='word_1_162' title='bbox 322 2565 456 2624; x_wconf 85' lang='lat' dir='ltr'>auxilium</span> <span class='ocrx_word' id='word_1_163' title='bbox 472 2565 595 2625; x_wconf 84' lang='lat' dir='ltr'>militare</span> <span class='ocrx_word' id='word_1_164' title='bbox 612 2586 629 2625; x_wconf 88' lang='lat' dir='ltr'>a</span> <span class='ocrx_word' id='word_1_165' title='bbox 650 2563 720 2624; x_wconf 85' lang='lat' dir='ltr'>divo</span> <span class='ocrx_word' id='word_1_166' title='bbox 743 2562 878 2646; x_wconf 83' lang='lat' dir='ltr'>Augusto</span> 
     </span>
     <span class='ocr_line' id='line_1_30' title="bbox 115 2639 881 2725; baseline 0.01 -28"><span class='ocrx_word' id='word_1_167' title='bbox 115 2650 119 2651; x_wconf 71' lang='grc'><em>’</em></span> <span class='ocrx_word' id='word_1_168' title='bbox 197 2639 317 2721; x_wconf 82' lang='lat' dir='ltr'>petiisse.</span> <span class='ocrx_word' id='word_1_169' title='bbox 334 2641 441 2725; x_wconf 87' lang='lat' dir='ltr'>Magna</span> <span class='ocrx_word' id='word_1_170' title='bbox 461 2663 580 2725; x_wconf 90' lang='lat' dir='ltr'>propter</span> <span class='ocrx_word' id='word_1_171' title='bbox 597 2661 735 2705; x_wconf 81' lang='lat' dir='ltr'>venatum</span> <span class='ocrx_word' id='word_1_172' title='bbox 751 2666 821 2707; x_wconf 89' lang='lat' dir='ltr'>eum</span> <span class='ocrx_word' id='word_1_173' title='bbox 839 2646 881 2705; x_wconf 86' lang='lat' dir='ltr'>vi·</span> 
     </span>
     <span class='ocr_line' id='line_1_31' title="bbox 197 2722 878 2806; baseline 0.006 -25"><span class='ocrx_word' id='word_1_174' title='bbox 197 2724 289 2791; x_wconf 75' lang='lat' dir='ltr'>verris</span> <span class='ocrx_word' id='word_1_175' title='bbox 310 2725 398 2805; x_wconf 86' lang='lat' dir='ltr'>gratia</span> <span class='ocrx_word' id='word_1_176' title='bbox 418 2722 469 2784; x_wconf 87' lang='lat' dir='ltr'>est.</span> <span class='ocrx_word' id='word_1_177' title='bbox 491 2724 624 2804; x_wconf 85' lang='lat' dir='ltr'>lnjiciunt</span> <span class='ocrx_word' id='word_1_178' title='bbox 643 2746 691 2791; x_wconf 75' lang='lat' dir='ltr'>eas</span> <span class='ocrx_word' id='word_1_179' title='bbox 708 2728 738 2787; x_wconf 86' lang='lat' dir='ltr'>in</span> <span class='ocrx_word' id='word_1_180' title='bbox 758 2724 878 2806; x_wconf 82' lang='lat' dir='ltr'>specus,</span> 
     </span>
     <span class='ocr_line' id='line_1_32' title="bbox 197 2800 977 2891; baseline 0.012 -28"><span class='ocrx_word' id='word_1_181' title='bbox 197 2800 247 2887; x_wconf 76' lang='lat' dir='ltr'>qui</span> <span class='ocrx_word' id='word_1_182' title='bbox 266 2801 329 2867; x_wconf 85' lang='lat' dir='ltr'>sunt</span> <span class='ocrx_word' id='word_1_183' title='bbox 343 2803 505 2891; x_wconf 76' lang='lat' dir='ltr'>multifores</span> <span class='ocrx_word' id='word_1_184' title='bbox 525 2809 557 2871; x_wconf 83' lang='lat' dir='ltr'>in</span> <span class='ocrx_word' id='word_1_185' title='bbox 576 2806 669 2882; x_wconf 49' lang='lat' dir='ltr'>terrm</span> <span class='ocrx_word' id='word_1_186' title='bbox 681 2805 767 2873; x_wconf 78' lang='lat' dir='ltr'>unde</span> <span class='ocrx_word' id='word_1_187' title='bbox 780 2807 815 2871; x_wconf 74' lang='grc' dir='ltr'>δι</span> <span class='ocrx_word' id='word_1_188' title='bbox 829 2826 879 2871; x_wconf 72' lang='lat' dir='ltr'>noe</span> <span class='ocrx_word' id='word_1_189' title='bbox 976 2808 977 2861; x_wconf 61' lang='grc' dir='ltr'>ἰ</span> 
     </span>
    </p>
   </div>
   <div class='ocr_carea' id='block_1_13' title="bbox 0 0 993 3618">
    <p class='ocr_par' dir='ltr' id='par_1_13' title="bbox 0 0 993 3618">
     <span class='ocr_line' id='line_1_33' title="bbox 0 0 993 3618; baseline 0 0"><span class='ocrx_word' id='word_1_190' title='bbox 0 0 993 3618; x_wconf 95' lang='lat' dir='ltr'> </span> 
     </span>
    </p>
   </div>
  </div>
 </body>
</html>
