2014 3624
229 262 276 343 86
325 263 815 337 meinamma.

224 386 275 450 uni
294 384 472 469 superstitio,
484 385 534 443 uni
548 381 701 464 sepulturae
717 404 801 457 cura,
818 392 919 468 atque

226 473 313 530 etiam
335 466 400 549 post
416 465 445 527 se
466 463 624 526 defuturo.
643 463 724 524 Nulli
741 467 803 526 vita
821 465 919 556 fiagi-

224 552 300 623 lior,
317 549 388 609 nulli
404 567 499 608 rerum
516 549 647 606 omnium
670 544 762 605 libido
790 567 926 625 major,

225 630 296 690 nulli
316 648 408 711 pavor
428 626 590 699 confusior,
607 626 679 685 nulli
695 627 789 685 rabies
801 629 915 688 acrior.

227 709 363 792 Denique
381 726 477 770 cetera
495 708 656 767 animantia
668 709 698 765 in
724 705 775 766 suo
800 728 918 790 genere

227 793 320 874 probe
338 790 641 873 degunttcongregati
651 787 801 860 videmus,
814 787 926 850 &sta-⁴

226 894 259 933 re
273 888 374 933 contra
392 868 548 931 dissimilia.
566 868 698 929 Leonum
719 866 817 928 feritas
834 871 919 929 inter

227 952 257 1014 se
277 974 337 1014 non
360 949 679 1031 dimicatzsetpentium
708 947 818 1011 morsus
848 969 916 1010 non

227 1039 301 1116 petit
319 1033 484 1115 serpentes:
504 1051 541 1090 ne
557 1033 644 1090 maris
664 1031 783 1111 quidem
805 1029 918 1091 belluae

228 1137 262 1174 ac
283 1113 393 1255 ἷιὶῖεεε,
405 1115 459 1172 nisi
473 1115 503 1171 in
519 1109 630 1171 diversa
642 1130 763 1192 genera,
778 1108 917 1172 seviunt.

228 1195 271 1257 At

230 1275 294 1337 sunt
316 1275 399 1335 mala.

273 1377 299 1417 1.
321 1355 358 1416 Et
370 1356 407 1415 de
434 1355 621 1415 universitate
650 1353 769 1435 quidem
796 1354 919 1436 generis

228 1436 363 1509 humani,
379 1434 484 1518 magni
505 1454 542 1493 ex
562 1450 643 1516 parte
653 1436 683 1493 in
694 1434 834 1495 relatione
845 1448 923 1519 geni

229 1520 304 1579 tium
327 1518 459 1577 diximus.
480 1514 587 1598 Neque
615 1519 693 1575 enim
713 1517 783 1575 ritus
801 1514 924 1576 mores*

251 1619 287 1659 ue
311 1620 387 1659 nunc
407 1596 576 1669 tradamus,
596 1599 823 1672 innumeros,ac
843 1598 923 1658 toti·

229 1621 300 1740 dem
322 1698 419 1758 paene‚
438 1692 511 1759 quot
530 1676 594 1737 sunt
618 1676 770 1738 hominum
798 1695 917 1738 coetus:

229 1758 363 1841 quaedam
373 1772 471 1817 tamen
486 1757 562 1817 haud
573 1758 734 1819 omittenda
744 1758 838 1833 duco,
852 1779 922 1819 maa

230 1838 367 1920 ximeque
385 1837 498 1978 loniffis
508 1843 604 1899 amati
615 1840 798 1921 degentium:
810 1842 839 1898 in
850 1841 922 1921 quia

229 1920 285 1980 bus
303 1920 437 2002 prodigio
451 1940 467 1978 a
483 1918 577 2001 aliqua
599 1921 632 1982 ἃ
651 1920 829 1981 incredibilia
840 1922 920 1980 mul·

230 2003 267 2060 tis
295 1999 387 2062 visum
417 2002 450 2060 iri
479 2000 555 2061 haud
584 2001 694 2062 dubito.
725 1998 801 2081 Quis
836 2003 918 2062 enim

231 2081 382 2163 AEthiopas
392 2124 403 2153 ‚
421 2100 572 2163 antequam
594 2099 746 2155 cerneret,
768 2082 917 2145 credidit?

231 2178 281 2223 aut
303 2162 374 2245 quid
393 2178 453 2221 non
470 2164 609 2226 miraculo
626 2161 687 2236 est,
711 2166 778 2223 cum
810 2166 917 2224 timum

231 2244 261 2302 in
279 2246 409 2304 notitiam
430 2244 537 2303 venit?
560 2243 661 2324 Quam
674 2245 764 2304 multa
779 2184 842 2304 lieri
854 2265 917 2306 non

232 2323 328 2407 polle,
337 2323 504 2407 priusquam
516 2326 572 2387 sint
580 2323 651 2385 feda
660 2323 840 2404 judicantur?
853 2324 919 2386 Na-

232 2416 303 2466 turae
320 2407 394 2466 verb
406 2427 501 2467 retum
511 2407 557 2465 vis
568 2422 655 2488 atque
665 2404 797 2483 majestas
811 2407 840 2465 in
851 2427 918 2466 om·

232 2486 316 2547 nibus
337 2489 493 2547 momentis
516 2485 575 2548 fide
592 2502 670 2549 caret
682 2508 689 2547 :
703 2490 726 2547 si
747 2488 811 2568 quis
821 2488 915 2550 modo

151 2576 153 2582 '
233 2576 329 2648 partes
348 2565 410 2645 ejus
432 2588 465 2627 ac
490 2589 551 2627 non
584 2586 678 2629 totam
708 2567 914 2650 compledlatur

233 2650 340 2707 animo.
363 2647 411 2706 Ne
431 2666 581 2728 pavones,
601 2667 650 2711 aut
670 2651 815 2732 tigrium,
842 2670 916 2730 pan-

152 2740 155 2743 “
233 2729 438 2810 theratumque'
465 2730 614 2807 maculas,
630 2734 664 2793 &
687 2747 732 2791 tot
752 2731 914 2792 animalium

233 2808 355 2894 piduta's
367 2820 597 2876 commemorem
609 2857 619 2891 ,
631 2830 754 2896 parvum
766 2810 857 2889 diua,
866 2810 915 2874 sed

310 1196 420 1256 ercules
438 1194 549 1253 homini
572 1192 695 1274 plurima
715 1211 760 1268 «ex
790 1191 925 1254 homine·
