1978 3610
229 241 431 315 Hrsron.
455 244 528 318 Lib.
550 246 616 355 Xl.
665 269 736 351 405

47 358 164 444 'septeni
179 381 188 423 t
207 382 312 444 corpus
328 360 519 445 parientibus,
531 384 630 448 quater
644 366 741 451 septe·-

47 447 87 504 ni.
107 444 314 518 Mutationes‚
331 445 364 504 δι
381 447 410 503 in
429 445 497 504 alias
517 445 536 504 fi
557 470 618 509 uras
635 452 741 510 transi·

47 539 114 597 tus,
135 526 223 584 trinis
249 540 298 583 aut
321 524 467 607 quadrinis
489 467 600 589 dicius.
631 527 740 591 Cetera

48 623 86 667 ex
107 604 155 664 his
176 621 321 685 pennata,
332 624 470 665 autumno
484 604 545 667 fere
556 610 716 670 moriuntur
727 633 736 673 t

48 685 147 745 tabani
170 684 298 766 quidem>
314 687 402 746 etiam
421 688 557 747 caecitate.
573 687 745 752 Muscishu·

50 785 133 825 more
162 767 357 839 exanimatis,
381 767 406 826 si
427 768 525 828 cinere
553 769 737 845 condantur,

50 846 126 905 redit
137 848 213 906 vita.

89 925 207 988 XLIV.
227 946 275 1007 37.
298 926 384 987 Nunc
401 930 593 1012 per-singulas
606 931 740 1012 corporis

50 1024 166 1087 partes,
187 1023 296 1090 praeter
308 1006 366 1086 jam
380 1008 454 1069 ditia
464 1012 673 1087 ‚membratim
683 1028 739 1073 tra'·

22 1089 25 1098 ’
51 1085 141 1149 fletur
159 1087 292 1148 historia.
422 1130 425 1135 »
674 1118 679 1121 -
719 1124 725 1139 .

89 1167 195 1251 Caput
215 1169 322 1229 liabent
341 1168 462 1240 cunda,
482 1191 546 1251 quae
565 1169 742 1252 sanguinema

52 1244 86 1307 ln
109 1253 213 1333 capite
237 1250 335 1329 paucis
356 1250 541 1323 animalium,
553 1270 607 1310 nec
619 1254 673 1310 niti
686 1272 740 1311 vo·

52 1327 202 1404 luctibus,
214 1332 328 1469 apices,
347 1329 456 1391 diversi
474 1330 594 1411 quidem
612 1333 741 1412 generis:

54 1406 185 1472 Phoenici
209 1431 371 1492 pomarum
390 1409 482 1483 serie,
500 1412 626 1471 emedio
642 1431 678 1472 eo
695 1431 743 1472 ex.

53 1504 138 1551 eunte
154 1494 235 1552 alio:
253 1490 430 1572 pavonibus,
446 1493 554 1550 crinitis
572 1490 741 1553 arbusculisz

55 1567 268 1654 stymphalidi,
285 1575 378 1632 citro:
393 1572 556 1653 phasianae,
578 1572 742 1632 corniculis.

55 1648 200 1725 Praeterea
217 1673 315 1734 parvae
333 1655 401 1726 avi,
416 1672 479 1733 quae
501 1653 538 1712 ab
556 1652 605 1712 illo
625 1651 742 1734 galerita

56 1734 204 1812 appellata
226 1733 388 1815 quondam,
411 1732 511 1814 postea
526 1731 642 1795 Gallico
653 1753 743 1794 voca·

57 1810 125 1877 bulo
147 1819 240 1877 etiam
260 1814 288 1874 le
309 1816 372 1873 ioni
393 1834 502 1874 nomen
523 1815 643 1874 dederat
664 1815 744 1873 alau-

57 1892 109 1955 dae.
128 1833 317 1957 Diximusdt
332 1895 379 1953 cui
398 1894 555 1974 plicatilem
565 1892 677 1955 cristam
689 1894 743 1954 de·

59 1972 138 2039 differ
158 1992 280 2037 natura:
299 1995 351 2056 per
372 1975 500 2035 medium
518 1993 604 2056 caput
619 1973 759 2036 arostro‘

58 2058 238 2119 residentem
256 2058 289 2117 &
302 2055 452 2116 fulicarum
463 2059 560 2138 generi
577 2056 658 2117 dedit
670 2079 678 2118 t
689 2059 742 2116 cir·

60 2153 107 2194 ros
124 2137 199 2199 Pico
216 2156 332 2218 quoque
349 2135 473 2212 Martio,
493 2139 525 2199 ὅ(
540 2140 602 2220 grui
613 2136 742 2198 Baleari·

60 2233 110 2276 cae.
123 2216 186 2280 Sed
200 2216 433 2299 spedatissimum
442 2220 554 2298 insigne
563 2218 741 2298 gallinaceis,

61 2314 252 2379 corporeum,
265 2296 416 2358 serratum:
427 2318 482 2357 nec
499 2316 615 2356 carnem
624 2297 655 2355 id
666 2295 742 2369 elle,

62 2395 114 2437 nec
126 2380 323 2460 cartilaginem
335 2423 346 2450 ,
359 2399 414 2438 nec
432 2377 537 2437 callum
556 2375 619 2456 juce
637 2377 742 2437 dixeri-

61 2475 124 2518 mus
137 2500 157 2535 ‚·
176 2463 281 2521 verum
296 2458 451 2539 peculiare.
469 2456 640 2516 Draconum
663 2460 741 2522 enim

63 2538 158 2601 cristas
177 2542 227 2623 qui
244 2539 369 2611 viderit,
383 2558 443 2598 non
455 2539 612 2617 reperitur.
721 2568 726 2587 2

101 2617 197 2683 XLV.
219 2618 337 2682 Cornua
350 2618 448 2679 multis
461 2618 580 2700 quidem
601 2620 633 2682 δι
654 2632 743 2703 aquasv

63 2697 180 2776 tilium,
197 2701 230 2762 δι
248 2702 442 2773 marinorum,
454 2697 659 2780 &serpentum
669 2721 743 2772 ,va-

63 2777 279 2857 riisgdatalunt
296 2781 392 2857 modis
407 2804 415 2845 τ
432 2780 482 2842 sed
501 2802 566 2864 quae
587 2778 649 2859 jure
677 2799 748 2843 cor-
