2004 3628
234 296 304 371 r66
357 287 874 364 cruminam.

227 434 327 480 autem
348 411 401 474 sub
418 403 682 480 oculoadaetum,
702 405 734 465 in
755 405 875 467 vitalia
896 424 950 469 cnr

231 499 299 582 pitis
316 511 445 558 venerat.
460 490 598 553 Univetsi
615 488 802 567 eruptionem
831 503 950 551 tenta.

228 593 319 650 vere,
330 597 390 636 non
403 578 465 634 sine
481 570 637 632 vexatione
650 567 752 649 populi
764 611 776 639 ,
795 568 951 626 circum·

228 659 293 720 dati
309 657 421 719 clathris
436 653 547 716 ferreis.
571 648 642 728 Qud
664 649 700 708 de
716 646 804 708 causa
824 645 948 711 Caesarr

232 738 373 811 didator,
392 733 494 816 postea
512 732 605 793 simile
619 727 816 810 spetiaculum
830 727 949 787 editio

231 838 311 894 rus,
341 819 445 898 euripis
466 833 581 874 arenam
606 808 816 870 circumdedit:
849 828 943 888 quos

232 901 319 966 Nero
331 901 466 980 princeps
483 891 608 966 sustulit,
617 892 709 972 equiti
718 890 784 951 loca
794 887 943 949 addens.

231 981 294 1047 sed
309 979 476 1058 Pompeiani
483 972 586 1035 amissa
602 971 631 1032 fu
649 994 677 1032 ae
693 968 742 1052 spe
759 967 944 1030 misericor)

154 1072 158 1081 '
232 1063 313 1123 diam
334 1060 416 1140 vulgi
436 1054 619 1118 inenarrabili
635 992 734 1113 iabitu
753 1067 940 1133 quarentes

231 1140 459 1223 supplicavere,
477 1136 602 1220 quadam
624 1131 682 1194 sese
707 1132 938 1193 lamentatione

232 1223 476 1304 complorantesr
503 1234 583 1278 tanto
609 1214 710 1297 populi
735 1213 844 1274 dolore
860 1257 874 1284 ‚
900 1229 937 1275 ut

235 1305 344 1366 oblitus
360 1301 560 1383 imperatoris,
584 1317 617 1355 ac
635 1292 843 1355 munificentiae
866 1293 936 1352 ho·

235 1387 302 1447 nori
318 1382 369 1443 suo
389 1381 558 1462 exquisitae,
579 1377 652 1437 flens
671 1373 822 1437 universus
849 1392 932 1434 con·

234 1459 521 1547 surgeremdirasque
534 1457 693 1538 Pompeio,
703 1477 774 1537 quas
786 1454 836 1514 ille
848 1470 933 1515 mot

189 1607 194 1612 .
238 1545 315 1618 luit,
333 1546 546 1626 imprecaretur.
570 1537 745 1621 'Pugnavere
762 1537 796 1598 ὅ(
812 1532 933 1596 Caesari

237 1626 370 1688 distarori
379 1626 465 1685 tertio
474 1618 623 1682 consulatu
636 1616 720 1698 ejus,
734 1618 837 1698 viginti
850 1637 931 1677 con·

236 1724 286 1767 tra
311 1707 423 1787 pedites
445 1705 640 1786 quingentos:
660 1702 825 1778 iterumque
847 1697 930 1761 toti·

236 1787 308 1844 dem
320 1786 412 1844 turriti
424 1805 488 1844 cum
498 1782 643 1864 sexagenis
655 1777 926 1862 propugnatoribus

236 1864 369 1939 eodem,
388 1885 451 1947 quo
469 1866 603 1947 priores,
620 1882 742 1923 numero
761 1860 927 1941 pediturn,

237 1947 275 2013 δι
300 1948 362 2028 pari
382 1948 512 2028 equitum
534 1965 571 2006 err
592 1940 715 2003 adverso
742 1940 925 2001 dimicante:

238 2066 240 2071 ·
283 2027 341 2089 slea
368 2027 501 2108 singuli,
527 2023 703 2106 principibus
730 2019 858 2082 Claudio
888 2020 924 2081 &

273 2110 378 2180 eroni,
395 2110 427 2166 in
450 2104 697 2167 consummatione
716 2101 922 2185 gladiatorum«
993 2163 994 2166 ,

236 2187 334 2270 Ipsius
354 2187 485 2249 animalis
509 2203 587 2248 tanta
610 2201 738 2245 narratur
766 2184 925 2249 clementia

236 2287 342 2331 contra
355 2269 450 2329 minias
468 2267 604 2342 validos,
623 2283 655 2328 ut
672 2268 702 2327 in
718 2284 807 2348 grege
829 2284 923 2347 pecu·
1001 2273 1002 2306 ³

237 2351 310 2413 dum
320 2351 501 2417 occurrentia
509 2369 595 2408 manu
608 2348 774 2418 dimoveat,
785 2365 823 2406 ne
839 2342 920 2427 quod

237 2431 355 2493 obterat
370 2430 560 2513 imprudens:
578 2449 633 2491 nec
657 2428 711 2488 nisi
732 2427 860 2489 lacessiti
868 2446 922 2487 no·

238 2529 351 2587 ceam,
373 2513 502 2594 ideoque
523 2511 662 2593 gregatim
683 2507 798 2590 semper
818 2509 923 2569 amba-

238 2591 319 2663 lent,
330 2593 448 2653 minime
465 2612 501 2652 ex
510 2590 646 2653 omnibus
660 2588 790 2671 solivagi.
799 2587 921 2671 Equira

239 2687 275 2732 tu
294 2674 502 2746 circumventi,
520 2670 651 2733 infirmos
665 2687 715 2733 aut
732 2666 842 2744 sessos,
858 2668 922 2732 vul·

238 2751 415 2823 neratosve‚
431 2755 463 2812 in
482 2754 737 2848 medium·agmen
756 2752 919 2834 recipiuntt
998 2810 999 2815 ,

239 2854 277 2901 ac
297 2834 381 2903 velut
404 2835 529 2917 irnperio
550 2854 586 2899 ac
608 2850 744 2911 maone,
767 2851 821 2915 per
840 2834 922 2899 vices
