2004 3628
237 273 445 345 Hrsroa.
470 270 543 344 Lib.
567 274 645 345 Vll.
721 282 769 369 93

28 376 54 457 ,‘
116 468 119 474 .
148 389 334 489 Megasthenes
345 409 462 475 gentem
471 393 545 454 inter
559 391 709 454 Nomadas
719 391 769 453 In·
833 420 836 435 ·

117 471 160 533 dos
174 495 273 533 narrum
293 474 361 534 loco
380 472 523 535 foramina
536 474 645 534 tantltm
656 472 767 534 habenss

116 568 180 626 tem,
199 556 328 636 anguium
347 554 442 615 modo
468 554 648 633 loripedem,
667 555 767 616 vocari

117 630 230 714 Scytitas.
239 633 287 695 Ad
296 652 444 694 extremos
453 631 527 695 fines
535 633 622 694 Indiae
630 633 666 694 ab
676 639 768 696 orien-

118 727 141 772 te
156 717 217 774 circa
234 713 344 775 fontem
362 713 490 796 Gangis,
501 712 768 797 Astomotutngen·

118 807 165 852 tent
180 797 235 855 sine
247 816 315 868 ore,
335 815 460 876 corpore
477 811 541 855 toto
552 794 657 855 hirtam
670 793 767 856 vesliri

116 869 239 936 frondium
256 874 409 957 lanugine,
428 875 517 935 halitu
537 877 648 936 tantitm
667 878 769 937 viven-

115 967 165 1012 tern
177 956 206 1015 ὁ(
222 955 312 1015 odore
332 976 421 1037 quern
437 955 551 1015 naribus
562 955 683 1016 trahant.
695 954 768 1016 Nul-

115 1031 164 1093 lum
176 1036 226 1095 illis
247 1037 361 1109 cibum,
375 1035 540 1118 nullumque
562 1053 685 1118 potum:
705 1052 769 1096 tan·

113 1115 164 1174 tlttn
182 1116 304 1176 radicum
319 1116 481 1196 florumque
500 1119 598 1178 varios
611 1117 719 1177 odores
735 1117 769 1178 &

113 1194 261 1256 silvestrium
281 1197 445 1269 malorum,
464 1216 528 1277 quae
545 1194 769 1276 secumpottant
800 1246 803 1253 ,

108 1272 151 1334 lon
169 1278 223 1338 'ore
231 1280 348 1349 itinere,
361 1297 398 1336 ne
411 1277 484 1336 desit
493 1275 626 1337 olfasius:
637 1278 770 1358 graviore

111 1297 185 1435 preld
201 1358 293 1418 odore
310 1356 388 1418 haud
407 1354 559 1418 difficulter
576 1358 741 1417 exanimari.

143 1434 224 1518 Supra
240 1438 294 1499 hos
324 1437 454 1498 extremi
471 1439 501 1496 in
520 1454 600 1519 parte
625 1440 769 1498 montium

109 1512 293 1599 Trispithami,
304 1517 495 1599 Pygmaeique
501 1533 648 1576 narrantur
657 1560 666 1588 ,
676 1533 770 1575 ternas

80 1622 84 1627 ·
109 1594 125 1653 s
136 1598 242 1659 thanas
255 1597 436 1680 longitudine
447 1596 523 1668 ‚hoc
536 1594 596 1668 est,
608 1612 707 1655 ternos
721 1595 773 1655 do·

110 1618 207 1739 dlantes
215 1702 273 1740 non
285 1678 477 1748 excedentes,
488 1675 589 1736 salubri
599 1676 687 1750 caelo,
699 1674 773 1736 sem·

109 1776 204 1840 perque
220 1777 376 1832 vernante,
402 1758 549 1818 montibus
568 1757 604 1816 ab
621 1756 650 1833 A
672 1756 770 1818 uilone

110 1843 252 1920 oppositis:
268 1861 371 1923 quosa
439 1840 503 1900 ibus
519 1836 643 1898 infestari
686 1859 770 1898 ome·

95 1937 150 1990 ¹rus
167 1942 276 2003 quoque
294 1921 378 2002 prodi
400 1922 430 1980 it.
461 1918 549 1979 Fama
565 1916 626 1990 est,
643 1918 772 2000 insiden-

56 2061 61 2066 ,
109 2013 146 2058 tes
158 2004 270 2063 arietum
291 2019 500 2081 caprarumque
517 1998 629 2071 dorsis,
645 2017 771 2059 armatos

109 2076 200 2160 sagittis
210 2085 287 2143 vetis
302 2100 438 2162 tempore
460 2077 595 2139 universo
606 2081 718 2161 agmine
731 2079 769 2139 ad

109 2178 177 2221 mare
190 2162 380 2233 descendere,
393 2163 425 2224 &
437 2181 495 2222 ova
511 2158 659 2240 pullosque
672 2180 770 2220 earum

108 2239 195 2302 alitum
222 2241 413 2303 consumere:
439 2243 525 2302 ternis
555 2241 770 2320 expeditionem

109 2340 165 2380 earn
185 2323 328 2384 mensibus
347 2320 473 2396 confici,
490 2320 572 2380 aliter
592 2319 692 2380 suturis
704 2341 771 2402 gre·

108 2402 180 2482 gibus
190 2425 249 2466 non
265 2401 365 2465 resisli.
384 2401 471 2462 Casas
485 2419 587 2463 eorum
604 2400 679 2471 luto,
719 2422 771 2462 en·’

108 2480 194 2564 nisque
214 2486 246 2545 &
270 2503 398 2545 ovorum
424 2481 615 2563 putaminibus
636 2422 771 2543 condtui.

108 2560 265 2625 Aristoteles
284 2567 315 2624 in
337 2565 466 2624 cavernis
490 2564 592 2623 vivere
613 2560 770 2646 Pygmaeos

107 2644 198 2705 tradit:
217 2662 313 2706 cetera
333 2644 370 2704 de
388 2642 450 2716 his,
472 2660 503 2703 ut
523 2642 633 2725 reliqui.

142 2722 257 2805 Cyrnos
280 2723 418 2784 Indorum
438 2744 528 2807 genus
547 2722 678 2806 Isigonus
691 2722 771 2783 annis

106 2808 226 2875 centenis
236 2804 424 2889 quadragenis
433 2808 545 2871 ¹viuere.
569 2800 774 2891 neomuto:
