1978 3610
178 218 253 337 doo
301 244 337 320 C.
364 244 539 321 Parim
563 242 759 316 terrra.

178 363 302 436 maxime
330 357 488 438 miremur)
508 358 587 425 fame
612 380 750 444 quoque,
772 381 883 504 gem
983 386 988 419 ι

836 464 881 504 o-

178 461 298 531 propter
308 460 427 504 externa
435 441 539 522 pabula
549 457 650 522 petere
661 442 759 504 sciunt.

177 544 242 584 rum
260 526 310 583 irae
327 521 414 606 pestis
433 542 467 582 ea
484 521 659 604 intelligitur.
678 522 824 605 Namque
836 524 880 584 δι

176 603 344 687 grandiores
355 619 528 676 cernuntur,
539 603 662 664 &tanto
671 603 772 664 volant
780 624 878 683 pen·

176 705 278 744 narum
299 683 438 758 stridore,
457 700 488 743 ut
509 683 571 742 aliae
590 684 673 743 alites
689 684 889 757 credanturz·

179 762 339 847 Solemque
356 763 546 836 obumbrant,
559 762 688 824 sollicitis
699 762 886 845 suspedlan-·
987 804 988 813 η

178 846 255 906 tibus
273 845 404 928 populis,
416 866 452 904 ne
462 843 665 924 suasoperiant
675 862 775 906 terras.
791 843 876 905 suf-

178 923 279 986 ficiunt
298 928 406 1008 quippe
425 927 521 986 vires:
541 926 573 986 &
591 942 740 1007 tamquam
757 945 883 1008 parum·

179 1010 216 1066 sit
230 1008 320 1069 maria
340 1003 486 1081 transisse,
505 1003 661 1066 immensos
679 1004 783 1066 tradas
795 1026 877 1086 per-

178 1102 297 1163 meant,
307 1086 432 1169 dirique
442 1086 585 1147 messibus
593 1102 754 1168 contegunt
761 1087 840 1146 nube
851 1128 868 1159 ,

179 1169 271 1229 multa
284 1167 427 1229 'contadlu
453 1167 631 1229 adurentes:
661 1170 761 1227 omnia
784 1167 879 1228 verb·

179 1248 279 1310 morsu
298 1250 469 1320 erodentes,
483 1249 516 1309 dt
534 1247 612 1309 fores
633 1268 752 1328 quoque
771 1247 869 1310 tedo-

180 1349 254 1405 rum.
275 1328 384 1390 ltaliam
408 1349 444 1389 ex
464 1326 565 1389 Africa
593 1329 717 1388 maxime
748 1345 877 1390 coortae·

179 1408 329 1485 infestant,
349 1408 385 1470 sae
406 1409 545 1491 epopulo
556 1408 592 1468 ad
603 1407 746 1490 Sibyllina
757 1408 868 1470 coartio

180 1491 309 1553 remedia
327 1430 483 1573 coniitgere
492 1535 505 1562 ,
517 1492 634 1572 inopiae-
646 1507 735 1557 metu.
752 1488 786 1550 ln
796 1488 870 1570 Cy·

180 1571 293 1633 renaicd
321 1575 440 1654 regione
471 1571 518 1630 lex
539 1574 625 1631 etiarn
650 1569 691 1631 est
714 1588 759 1630 ter
780 1591 880 1632 anno·

180 1651 345 1712 debellandi
377 1673 452 1725 eas,
478 1653 573 1732 primb
596 1672 654 1713 ova
675 1651 867 1725 obterendo,

180 1732 287 1793 deinde
310 1730 422 1806 fetum,
441 1731 590 1812 postremo
610 1731 745 1794 adultas:
764 1730 874 1792 deser··
944 1739 948 1745 '
987 1716 988 1721 ἵ

178 1815 253 1879 toris
271 1834 357 1895 poena
382 1816 413 1874 in
439 1833 506 1874 eum
517 1857 527 1886 ,
540 1816 590 1894 qui
606 1808 760 1874 cellaverit.
778 1811 818 1873 Et
831 1814 867 1874 in

179 1892 293 1955 Lemno
311 1892 401 1955 insulai
420 1911 498 1955 certa
507 1892 785 1973 mensurapraefinita
799 1892 867 1970 est,

180 1976 391 2056 quamsinguli
416 1991 600 2036 enecatarum
624 1975 661 2035 ad
680 1972 869 2058 magistratus

177 2051 312 2117 referant·
337 2053 481 2116 Graculos
502 2075 620 2137 quoque
637 2055 676 2117 ob
695 2055 725 2115 id
740 2054 869 2130 colunt,

178 2131 302 2201 adverso
319 2134 420 2196 volatu
439 2153 622 2196 occurrentes
642 2156 740 2196 earum
758 2137 870 2199 exitio.

179 2213 294 2279 Necare
314 2216 346 2277 &
365 2218 397 2279 in
417 2213 502 2296 Syrid
524 2216 640 2277 militari
661 2217 784 2298 imperio
807 2238 868 2278 co-

177 2313 293 2436 ffntur.
312 2295 374 2357 Tot
394 2296 472 2357 orbis
492 2297 619 2379 partibus
627 2296 867 2380 vagaturidrna·

211 2396 250 2436 rn.
276 2376 383 2438 Parthis
404 2381 437 2441 ὃ(
456 2378 500 2439 hae
527 2380 558 2437 in
582 2378 648 2438 cibo
668 2394 762 2462 gratae.
787 2376 869 2439 Vox

179 2476 279 2523 earum
300 2456 443 2537 proficisci
463 2458 499 2518 ab
519 2461 656 2541 occipitio
676 2460 801 2521 videtur.
811 2456 879 2521 Eo*

179 2536 248 2605 loco
257 2537 287 2596 in
298 2537 481 2600 commillurd
490 2537 667 2621 scapularum
676 2541 783 2601 habere
794 2560 868 2620 qua·

180 2618 326 2683 sidentes
346 2618 558 2695 existimantur,
577 2620 684 2701 eosque
696 2623 769 2683 inter
777 2619 807 2680 se
819 2637 870 2682 te·

179 2696 440 2760 tendo-stridorem
459 2701 567 2773 edere,
588 2703 668 2763 circa
686 2698 746 2761 duo
769 2703 882 2782 aequi-r

90 2839 92 2843 ,
178 2779 275 2847 nottia
295 2782 436 2859 maxime,
450 2783 522 2847 sicut
540 2783 646 2848 cicadae
666 2783 743 2846 circa
765 2779 867 2847 solsti-
