1966 3618
10 366 13 389 ι
117 298 121 307 ·
190 258 604 337 Htsron.Lib.lX.
657 285 731 362 237

115 903 323 1000 'Aquatilium
339 866 459 976 natum
477 904 511 980 ἃ
532 892 662 1004 generas

58 1033 498 1190 I.1.AN1MAtwm,quae
515 1108 658 1170 terrestria
678 1126 730 1192 apa

60 1187 236 1268 pellavimus,
246 1187 396 1247 hominum
408 1187 530 1270 quadam
548 1188 732 1251 consortione

61 1267 194 1351 degentia,
200 1268 323 1328 indicata
329 1267 485 1330 naturaest.
496 1267 541 1329 Ex
551 1269 668 1351 reliquis
677 1272 733 1329 mi·

61 1349 142 1409 nimus
150 1347 204 1409 elle
213 1348 351 1408 volucres
363 1352 510 1412 convenit.
523 1349 732 1430 Quamobrem

62 1431 131 1509 ptius
144 1449 318 1513 aequorum,
341 1432 487 1505 amnium,
507 1429 732 1514 stagnorumque

60 1509 192 1571 dicentur.

97 1612 123 1652 α.
139 1588 209 1651 Sunt
222 1607 319 1651 autem
338 1590 487 1674 complura
504 1592 534 1651 in
553 1591 607 1665 iis,
622 1587 733 1671 majora

62 1673 140 1733 etiam
157 1668 345 1745 terrestribus.
362 1670 455 1734 Causa
475 1672 615 1744 evidens,
631 1672 733 1733 humo·

63 1753 97 1811 nis
114 1753 228 1813 luxuria.
247 1753 316 1815 Alia
333 1750 394 1812 sors
411 1752 531 1830 alitum,
550 1753 655 1836 quibus
671 1755 731 1814 vita

64 1834 253 1911 pendentibus.
274 1833 309 1894 ln
329 1835 402 1893 mati
422 1850 518 1894 autem
535 1849 594 1893 tam
609 1833 666 1894 late
684 1832 733 1893 su-

64 1914 148 1992 pino,
165 1914 305 1996 mollique
315 1923 349 1973 ac
360 1913 446 1974 senili
463 1917 638 1974 nutrimento
659 1915 734 1974 acci·

65 1993 551 2077 pientecausasgenitalesesublimi‚
560 1993 673 2075 semper
695 2014 732 2055 ue

65 2078 181 2153 pariente
187 2078 302 2149 natum,
317 2074 453 2156 pleraque
466 2076 551 2135 etiam
558 2015 734 2137 monstrizca

66 2157 252 2234 reperiuntur,
268 2155 431 2238 perplexis',
444 2155 476 2217 &
494 2158 524 2214 in
541 2154 633 2217 semet
650 2156 734 2216 aliter

66 2249 92 2292 at
157 2237 237 2297 aliter
257 2256 334 2296 nunc
349 2236 438 2311 flatu,
458 2256 533 2295 nunc
550 2235 639 2295 flullu
661 2256 734 2295 eon·

66 2332 103 2375 vo
113 2319 163 2376 ntis
178 2316 332 2377 seminibus
346 2362 355 2386 ,
378 2334 465 2398 atque
484 2316 647 2397 principiis:
662 2334 735 2376 vera

67 2412 96 2455 ut
112 2393 158 2456 fiet
174 2398 255 2480 vulgi
274 2399 375 2478 opinio
392 2396 532 2476 quidquid
556 2392 685 2454 nascatur
703 2396 735 2456 in

67 2492 139 2555 parte
150 2496 264 2538 *naturae
283 2477 362 2549 ulla,
382 2476 415 2538 &
431 2479 461 2533 in
486 2475 557 2534 mari
574 2473 645 2545 effe,
662 2480 736 2557 pr'ae·

68 2571 159 2695 empne
173 2559 283 2630 multu,
306 2577 370 2639 qnae
387 2554 524 2637 nusquam
536 2555 612 2616 alibi.
623 2554 734 2618 Rerum

68 2639 113 2716 qui
132 2658 196 2714 em,
214 2658 275 2698 non
291 2636 384 2700 solum
401 2636 564 2696 animalium
587 2637 736 2698 simulacra

68 2713 144 2790 elle‚·
157 2718 224 2779 licet
244 2717 403 2799 intelligere
425 2717 605 2787 intuentibus*
627 2738 736 2790 uvam,

66 2794 185 2876 gladium
194 2799 325 2877 ,serranz
345 2800 489 2861 cucumim
505 2800 580 2863 verb
590 2798 625 2862 δι’
636 2796 740 2862 colore.
