<?xml version="1.0" encoding="UTF-8"?>
<!DOCTYPE html PUBLIC "-//W3C//DTD XHTML 1.0 Transitional//EN"
    "http://www.w3.org/TR/xhtml1/DTD/xhtml1-transitional.dtd">
<html xmlns="http://www.w3.org/1999/xhtml" xml:lang="en" lang="en">
 <head>
  <title>
</title>
<meta http-equiv="Content-Type" content="text/html;charset=utf-8" />
  <meta name='ocr-system' content='tesseract 3.04.00' />
  <meta name='ocr-capabilities' content='ocr_page ocr_carea ocr_par ocr_line ocrx_word'/>
</head>
<body>
  <div class='ocr_page' id='page_1' title='image "./caiipliniisecun00brotgoog_0427.png"; bbox 0 0 2012 3596; ppageno 0'>
   <div class='ocr_carea' id='block_1_1' title="bbox 200 100 980 532">
    <p class='ocr_par' dir='ltr' id='par_1_1' title="bbox 200 100 980 532">
     <span class='ocr_line' id='line_1_1' title="bbox 979 100 980 129; baseline 0 0"><span class='ocrx_word' id='word_1_1' title='bbox 979 100 980 129; x_wconf 66' lang='lat' dir='ltr'>r</span> 
     </span>
     <span class='ocr_line' id='line_1_2' title="bbox 264 269 850 363; baseline 0.015 -25"><span class='ocrx_word' id='word_1_2' title='bbox 264 270 339 363; x_wconf 72' lang='lat'>4&#39;28</span> <span class='ocrx_word' id='word_1_3' title='bbox 393 269 850 344; x_wconf 67' lang='lat' dir='ltr'>arrr‘nrrn’rrvr.</span> 
     </span>
     <span class='ocr_line' id='line_1_3' title="bbox 200 384 980 532; baseline 0.027 -98"><span class='ocrx_word' id='word_1_4' title='bbox 200 429 202 434; x_wconf 89' lang='lat'>.</span> <span class='ocrx_word' id='word_1_5' title='bbox 262 410 334 532; x_wconf 61' lang='lat' dir='ltr'>pente</span> <span class='ocrx_word' id='word_1_6' title='bbox 354 409 481 474; x_wconf 84' lang='lat' dir='ltr'>vagum,</span> <span class='ocrx_word' id='word_1_7' title='bbox 500 384 631 451; x_wconf 80' lang='lat' dir='ltr'>colorem</span> <span class='ocrx_word' id='word_1_8' title='bbox 651 388 771 473; x_wconf 86' lang='lat' dir='ltr'>quoque</span> <span class='ocrx_word' id='word_1_9' title='bbox 786 390 881 453; x_wconf 76' lang='lat' dir='ltr'>ocusrs</span> <span class='ocrx_word' id='word_1_10' title='bbox 896 384 936 453; x_wconf 63' lang='lat' dir='ltr'>dui</span> <span class='ocrx_word' id='word_1_11' title='bbox 979 390 980 467; x_wconf 69' lang='lat' dir='ltr'>i</span> 
     </span>
    </p>
   </div>
   <div class='ocr_carea' id='block_1_2' title="bbox 194 471 980 2895">
    <p class='ocr_par' dir='ltr' id='par_1_2' title="bbox 194 471 980 2895">
     <span class='ocr_line' id='line_1_4' title="bbox 293 471 980 552; baseline 0.009 -23"><span class='ocrx_word' id='word_1_12' title='bbox 293 489 341 534; x_wconf 88' lang='lat' dir='ltr'>rt:</span> <span class='ocrx_word' id='word_1_13' title='bbox 357 471 427 531; x_wconf 88' lang='lat' dir='ltr'>iliud</span> <span class='ocrx_word' id='word_1_14' title='bbox 447 471 566 552; x_wconf 87' lang='lat' dir='ltr'>quidem</span> <span class='ocrx_word' id='word_1_15' title='bbox 584 471 750 546; x_wconf 84' lang='lat' dir='ltr'>redditum,</span> <span class='ocrx_word' id='word_1_16' title='bbox 770 475 858 533; x_wconf 89' lang='lat' dir='ltr'>etiam</span> <span class='ocrx_word' id='word_1_17' title='bbox 876 474 936 532; x_wconf 79' lang='lat' dir='ltr'>ahc·</span> <span class='ocrx_word' id='word_1_18' title='bbox 979 478 980 535; x_wconf 85' lang='lat'><em>]</em></span> 
     </span>
     <span class='ocr_line' id='line_1_5' title="bbox 261 550 938 692; baseline -0.004 -78"><span class='ocrx_word' id='word_1_19' title='bbox 261 554 324 614; x_wconf 82' lang='lat' dir='ltr'>nis:</span> <span class='ocrx_word' id='word_1_20' title='bbox 342 550 561 635; x_wconf 75' lang='lat' dir='ltr'>nigrescuntque</span> <span class='ocrx_word' id='word_1_21' title='bbox 587 550 719 613; x_wconf 74' lang='lat' dir='ltr'>contada</span> <span class='ocrx_word' id='word_1_22' title='bbox 735 573 772 613; x_wconf 90' lang='lat' dir='ltr'>eo</span> <span class='ocrx_word' id='word_1_23' title='bbox 792 574 800 612; x_wconf 74' lang='grc' dir='ltr'><strong><em>ε</em></strong></span> <span class='ocrx_word' id='word_1_24' title='bbox 825 573 863 613; x_wconf 90' lang='lat' dir='ltr'>ne</span> <span class='ocrx_word' id='word_1_25' title='bbox 880 553 938 692; x_wconf 49' lang='lat'>{¹3³</span> 
     </span>
     <span class='ocr_line' id='line_1_6' title="bbox 262 631 937 713; baseline 0 -20"><span class='ocrx_word' id='word_1_26' title='bbox 262 633 384 693; x_wconf 83' lang='lat' dir='ltr'>miretur</span> <span class='ocrx_word' id='word_1_27' title='bbox 400 633 431 691; x_wconf 93' lang='lat' dir='ltr'>id</span> <span class='ocrx_word' id='word_1_28' title='bbox 452 651 599 695; x_wconf 88' lang='lat' dir='ltr'>venenum</span> <span class='ocrx_word' id='word_1_29' title='bbox 618 631 874 713; x_wconf 82' lang='lat' dir='ltr'>esseserpentium.</span> <span class='ocrx_word' id='word_1_30' title='bbox 925 662 937 679; x_wconf 91' lang='lat'><strong>·</strong></span> 
     </span>
     <span class='ocr_line' id='line_1_7' title="bbox 262 712 939 793; baseline -0.001 -21"><span class='ocrx_word' id='word_1_31' title='bbox 262 728 329 773; x_wconf 81' lang='lat' dir='ltr'>rent</span> <span class='ocrx_word' id='word_1_32' title='bbox 344 733 397 787; x_wconf 86' lang='lat' dir='ltr'>eo,</span> <span class='ocrx_word' id='word_1_33' title='bbox 416 714 465 793; x_wconf 87' lang='lat' dir='ltr'>qui</span> <span class='ocrx_word' id='word_1_34' title='bbox 484 712 656 773; x_wconf 84' lang='lat' dir='ltr'>absinthium</span> <span class='ocrx_word' id='word_1_35' title='bbox 668 712 821 774; x_wconf 87' lang='lat' dir='ltr'>vescuntur</span> <span class='ocrx_word' id='word_1_36' title='bbox 830 717 861 773; x_wconf 90' lang='lat' dir='ltr'>in</span> <span class='ocrx_word' id='word_1_37' title='bbox 870 713 939 774; x_wconf 88' lang='lat' dir='ltr'>Pon·</span> 
     </span>
     <span class='ocr_line' id='line_1_8' title="bbox 261 791 980 875; baseline -0.001 -21"><span class='ocrx_word' id='word_1_38' title='bbox 261 807 305 854; x_wconf 90' lang='lat' dir='ltr'>to.</span> <span class='ocrx_word' id='word_1_39' title='bbox 322 791 381 854; x_wconf 86' lang='lat' dir='ltr'>Sed</span> <span class='ocrx_word' id='word_1_40' title='bbox 395 794 511 853; x_wconf 80' lang='lat' dir='ltr'>renibus</span> <span class='ocrx_word' id='word_1_41' title='bbox 530 793 563 854; x_wconf 71' lang='grc' dir='ltr'>δι</span> <span class='ocrx_word' id='word_1_42' title='bbox 580 810 659 875; x_wconf 87' lang='lat' dir='ltr'>parte</span> <span class='ocrx_word' id='word_1_43' title='bbox 676 795 787 854; x_wconf 85' lang='lat' dir='ltr'>tantiun</span> <span class='ocrx_word' id='word_1_44' title='bbox 803 793 936 853; x_wconf 74' lang='lat' dir='ltr'>alteriin·</span> <span class='ocrx_word' id='word_1_45' title='bbox 979 866 980 873; x_wconf 8' lang='grc' dir='ltr'>ἵ</span> 
     </span>
     <span class='ocr_line' id='line_1_9' title="bbox 262 870 935 955; baseline -0.001 -21"><span class='ocrx_word' id='word_1_46' title='bbox 262 871 368 934; x_wconf 81' lang='lat' dir='ltr'>testino</span> <span class='ocrx_word' id='word_1_47' title='bbox 384 870 531 955; x_wconf 84' lang='lat' dir='ltr'>jungitur,</span> <span class='ocrx_word' id='word_1_48' title='bbox 548 875 578 933; x_wconf 92' lang='lat' dir='ltr'>in</span> <span class='ocrx_word' id='word_1_49' title='bbox 595 875 711 947; x_wconf 84' lang='lat' dir='ltr'>corvis,</span> <span class='ocrx_word' id='word_1_50' title='bbox 729 873 935 945; x_wconf 83' lang='lat' dir='ltr'>coturnicibus,</span> 
     </span>
     <span class='ocr_line' id='line_1_10' title="bbox 260 950 936 1037; baseline 0.003 -25"><span class='ocrx_word' id='word_1_51' title='bbox 260 954 419 1037; x_wconf 79' lang='lat' dir='ltr'>phasianis:</span> <span class='ocrx_word' id='word_1_52' title='bbox 436 950 606 1034; x_wconf 87' lang='lat' dir='ltr'>quibusdam</span> <span class='ocrx_word' id='word_1_53' title='bbox 621 952 756 1015; x_wconf 90' lang='lat' dir='ltr'>intestino</span> <span class='ocrx_word' id='word_1_54' title='bbox 773 957 894 1027; x_wconf 83' lang='lat' dir='ltr'>tantbm,</span> <span class='ocrx_word' id='word_1_55' title='bbox 904 969 936 1014; x_wconf 86' lang='lat' dir='ltr'>ut</span> 
     </span>
     <span class='ocr_line' id='line_1_11' title="bbox 260 1034 932 1114; baseline -0.003 -20"><span class='ocrx_word' id='word_1_56' title='bbox 260 1034 420 1108; x_wconf 84' lang='lat' dir='ltr'>columbis,</span> <span class='ocrx_word' id='word_1_57' title='bbox 431 1035 575 1114; x_wconf 84' lang='lat' dir='ltr'>accipitri,</span> <span class='ocrx_word' id='word_1_58' title='bbox 585 1036 731 1097; x_wconf 86' lang='lat' dir='ltr'>muraenis.</span> <span class='ocrx_word' id='word_1_59' title='bbox 740 1035 835 1096; x_wconf 88' lang='lat' dir='ltr'>Paucis</span> <span class='ocrx_word' id='word_1_60' title='bbox 840 1038 932 1094; x_wconf 83' lang='lat' dir='ltr'>avium</span> 
     </span>
     <span class='ocr_line' id='line_1_12' title="bbox 260 1112 933 1197; baseline 0 -23"><span class='ocrx_word' id='word_1_61' title='bbox 260 1115 292 1174; x_wconf 87' lang='lat' dir='ltr'>in&#39;</span> <span class='ocrx_word' id='word_1_62' title='bbox 309 1113 418 1193; x_wconf 74' lang='lat' dir='ltr'>jecore:</span> <span class='ocrx_word' id='word_1_63' title='bbox 440 1112 631 1197; x_wconf 79' lang='lat' dir='ltr'>Serpentibus</span> <span class='ocrx_word' id='word_1_64' title='bbox 679 1114 933 1176; x_wconf 71' lang='lat' dir='ltr'>ortionemaxirnb</span> 
     </span>
     <span class='ocr_line' id='line_1_13' title="bbox 261 1137 940 1276; baseline 0 -21"><span class='ocrx_word' id='word_1_65' title='bbox 261 1193 428 1276; x_wconf 79' lang='lat' dir='ltr'>copiosum,</span> <span class='ocrx_word' id='word_1_66' title='bbox 440 1195 473 1256; x_wconf 69' lang='grc' dir='ltr'>ἃ</span> <span class='ocrx_word' id='word_1_67' title='bbox 488 1193 621 1276; x_wconf 88' lang='lat' dir='ltr'>piscibus.</span> <span class='ocrx_word' id='word_1_68' title='bbox 629 1137 678 1257; x_wconf 65' lang='lat' dir='ltr'>Ed</span> <span class='ocrx_word' id='word_1_69' title='bbox 690 1214 788 1258; x_wconf 86' lang='lat' dir='ltr'>autern</span> <span class='ocrx_word' id='word_1_70' title='bbox 798 1192 940 1276; x_wconf 68' lang='lat' dir='ltr'>pictisque</span> 
     </span>
     <span class='ocr_line' id='line_1_14' title="bbox 260 1274 931 1358; baseline -0.006 -21"><span class='ocrx_word' id='word_1_71' title='bbox 260 1291 327 1337; x_wconf 85' lang='lat' dir='ltr'>toto</span> <span class='ocrx_word' id='word_1_72' title='bbox 343 1274 495 1348; x_wconf 76' lang='lat' dir='ltr'>intestino,</span> <span class='ocrx_word' id='word_1_73' title='bbox 515 1279 588 1337; x_wconf 89' lang='lat' dir='ltr'>sicut</span> <span class='ocrx_word' id='word_1_74' title='bbox 601 1278 744 1358; x_wconf 83' lang='lat' dir='ltr'>accipitri,</span> <span class='ocrx_word' id='word_1_75' title='bbox 754 1279 852 1338; x_wconf 85' lang='lat' dir='ltr'>nriivo.</span> <span class='ocrx_word' id='word_1_76' title='bbox 865 1275 931 1335; x_wconf 80' lang='lat' dir='ltr'>Prae·</span> 
     </span>
     <span class='ocr_line' id='line_1_15' title="bbox 261 1354 930 1436; baseline 0.003 -19"><span class='ocrx_word' id='word_1_77' title='bbox 261 1373 342 1417; x_wconf 87' lang='lat' dir='ltr'>terea</span> <span class='ocrx_word' id='word_1_78' title='bbox 363 1360 392 1416; x_wconf 92' lang='lat' dir='ltr'>in</span> <span class='ocrx_word' id='word_1_79' title='bbox 412 1354 510 1436; x_wconf 81' lang='lat' dir='ltr'>jecore</span> <span class='ocrx_word' id='word_1_80' title='bbox 529 1356 570 1418; x_wconf 87' lang='lat' dir='ltr'>est</span> <span class='ocrx_word' id='word_1_81' title='bbox 590 1359 624 1419; x_wconf 88' lang='lat'>&amp;</span> <span class='ocrx_word' id='word_1_82' title='bbox 643 1357 930 1420; x_wconf 79' lang='lat' dir='ltr'>cetisomnibustvi·</span> 
     </span>
     <span class='ocr_line' id='line_1_16' title="bbox 261 1437 930 1522; baseline -0.003 -24"><span class='ocrx_word' id='word_1_83' title='bbox 261 1437 327 1504; x_wconf 86' lang='lat' dir='ltr'>tulis</span> <span class='ocrx_word' id='word_1_84' title='bbox 367 1437 466 1498; x_wconf 85' lang='lat' dir='ltr'>uidem</span> <span class='ocrx_word' id='word_1_85' title='bbox 482 1440 599 1498; x_wconf 86' lang='lat' dir='ltr'>marinis</span> <span class='ocrx_word' id='word_1_86' title='bbox 610 1438 647 1499; x_wconf 92' lang='lat' dir='ltr'>ad</span> <span class='ocrx_word' id='word_1_87' title='bbox 657 1439 748 1500; x_wconf 89' lang='lat' dir='ltr'>multa</span> <span class='ocrx_word' id='word_1_88' title='bbox 757 1458 870 1522; x_wconf 88' lang='lat' dir='ltr'>quoquc</span> <span class='ocrx_word' id='word_1_89' title='bbox 881 1457 930 1496; x_wconf 83' lang='lat' dir='ltr'>no·</span> 
     </span>
     <span class='ocr_line' id='line_1_17' title="bbox 260 1458 929 1580; baseline -0.003 -1"><span class='ocrx_word' id='word_1_90' title='bbox 260 1517 330 1580; x_wconf 82' lang='lat' dir='ltr'>bile.</span> <span class='ocrx_word' id='word_1_91' title='bbox 345 1458 509 1578; x_wconf 48' lang='lat' dir='ltr'>iturorum</span> <span class='ocrx_word' id='word_1_92' title='bbox 521 1516 588 1579; x_wconf 87' lang='lat' dir='ltr'>felle</span> <span class='ocrx_word' id='word_1_93' title='bbox 604 1540 706 1580; x_wconf 87' lang='lat' dir='ltr'>aureus</span> <span class='ocrx_word' id='word_1_94' title='bbox 724 1520 834 1580; x_wconf 87' lang='lat' dir='ltr'>ducitur</span> <span class='ocrx_word' id='word_1_95' title='bbox 846 1517 929 1580; x_wconf 87' lang='lat' dir='ltr'>color.</span> 
     </span>
     <span class='ocr_line' id='line_1_18' title="bbox 259 1594 928 1682; baseline -0.006 -20"><span class='ocrx_word' id='word_1_96' title='bbox 259 1594 343 1662; x_wconf 77' lang='lat' dir='ltr'>Arus</span> <span class='ocrx_word' id='word_1_97' title='bbox 357 1599 416 1659; x_wconf 87' lang='lat' dir='ltr'>ices</span> <span class='ocrx_word' id='word_1_98' title='bbox 436 1599 467 1658; x_wconf 89' lang='lat' dir='ltr'>id</span> <span class='ocrx_word' id='word_1_99' title='bbox 487 1598 627 1680; x_wconf 88' lang='lat' dir='ltr'>Neptuno</span> <span class='ocrx_word' id='word_1_100' title='bbox 645 1602 680 1661; x_wconf 90' lang='lat'>&amp;</span> <span class='ocrx_word' id='word_1_101' title='bbox 694 1599 823 1661; x_wconf 85' lang='lat' dir='ltr'>humoris</span> <span class='ocrx_word' id='word_1_102' title='bbox 831 1616 928 1682; x_wconf 79' lang='lat' dir='ltr'>poten·</span> 
     </span>
     <span class='ocr_line' id='line_1_19' title="bbox 260 1621 927 1762; baseline -0.003 -22"><span class='ocrx_word' id='word_1_103' title='bbox 260 1681 308 1740; x_wconf 84' lang='lat' dir='ltr'>tiae</span> <span class='ocrx_word' id='word_1_104' title='bbox 332 1621 485 1740; x_wconf 63' lang='lat' dir='ltr'>dravere:</span> <span class='ocrx_word' id='word_1_105' title='bbox 504 1682 651 1762; x_wconf 81' lang='lat' dir='ltr'>geminum</span> <span class='ocrx_word' id='word_1_106' title='bbox 693 1701 709 1741; x_wconf 93' lang='lat' dir='ltr'>e</span> <span class='ocrx_word' id='word_1_107' title='bbox 727 1679 782 1742; x_wconf 84' lang='lat' dir='ltr'>fuit</span> <span class='ocrx_word' id='word_1_108' title='bbox 795 1682 863 1744; x_wconf 80' lang='lat' dir='ltr'>divo</span> <span class='ocrx_word' id='word_1_109' title='bbox 871 1678 927 1741; x_wconf 81' lang='lat' dir='ltr'>Au·</span> 
     </span>
     <span class='ocr_line' id='line_1_20' title="bbox 258 1758 837 1844; baseline 0.007 -26"><span class='ocrx_word' id='word_1_110' title='bbox 258 1758 363 1844; x_wconf 81' lang='lat' dir='ltr'>gusto,</span> <span class='ocrx_word' id='word_1_111' title='bbox 400 1780 442 1819; x_wconf 90' lang='lat' dir='ltr'>uo.</span> <span class='ocrx_word' id='word_1_112' title='bbox 459 1759 507 1819; x_wconf 89' lang='lat' dir='ltr'>die</span> <span class='ocrx_word' id='word_1_113' title='bbox 519 1761 605 1842; x_wconf 51' lang='lat' dir='ltr'>*apud</span> <span class='ocrx_word' id='word_1_114' title='bbox 620 1760 650 1821; x_wconf 79' lang='lat' dir='ltr'>A</span> <span class='ocrx_word' id='word_1_115' title='bbox 677 1764 736 1821; x_wconf 85' lang='lat' dir='ltr'>‘um</span> <span class='ocrx_word' id='word_1_116' title='bbox 759 1765 837 1825; x_wconf 85' lang='lat' dir='ltr'>vicit.</span> 
     </span>
     <span class='ocr_line' id='line_1_21' title="bbox 305 1836 926 1921; baseline -0.006 -20"><span class='ocrx_word' id='word_1_117' title='bbox 305 1838 358 1901; x_wconf 92' lang='lat' dir='ltr'>LX</span> <span class='ocrx_word' id='word_1_118' title='bbox 419 1838 441 1900; x_wconf 87' lang='lat' dir='ltr'>I.</span> <span class='ocrx_word' id='word_1_119' title='bbox 464 1840 592 1901; x_wconf 89' lang='lat' dir='ltr'>Murium</span> <span class='ocrx_word' id='word_1_120' title='bbox 620 1839 770 1921; x_wconf 79' lang='lat' dir='ltr'>jecusculis</span> <span class='ocrx_word' id='word_1_121' title='bbox 797 1842 873 1903; x_wconf 83' lang='lat' dir='ltr'>fibrae</span> <span class='ocrx_word' id='word_1_122' title='bbox 893 1836 926 1898; x_wconf 86' lang='lat' dir='ltr'>ad</span> 
     </span>
     <span class='ocr_line' id='line_1_22' title="bbox 261 1919 927 2005; baseline -0.002 -24"><span class='ocrx_word' id='word_1_123' title='bbox 261 1941 413 1981; x_wconf 77' lang='lat' dir='ltr'>muncrum</span> <span class='ocrx_word' id='word_1_124' title='bbox 424 1919 659 1983; x_wconf 76' lang='lat' dir='ltr'>Lunaeinmense</span> <span class='ocrx_word' id='word_1_125' title='bbox 667 1942 825 2005; x_wconf 85' lang='lat' dir='ltr'>congruere</span> <span class='ocrx_word' id='word_1_126' title='bbox 835 1924 927 1984; x_wconf 76' lang='lat' dir='ltr'>dicun·</span> 
     </span>
     <span class='ocr_line' id='line_1_23' title="bbox 194 2002 926 2086; baseline -0.001 -25"><span class='ocrx_word' id='word_1_127' title='bbox 194 2006 199 2009; x_wconf 80' lang='grc'><strong>’</strong></span> <span class='ocrx_word' id='word_1_128' title='bbox 260 2018 321 2074; x_wconf 85' lang='lat' dir='ltr'>tur,</span> <span class='ocrx_word' id='word_1_129' title='bbox 331 2002 515 2083; x_wconf 85' lang='lat' dir='ltr'>totidemque</span> <span class='ocrx_word' id='word_1_130' title='bbox 533 2005 680 2078; x_wconf 80' lang='lat' dir='ltr'>inveniri,</span> <span class='ocrx_word' id='word_1_131' title='bbox 693 2021 825 2086; x_wconf 78' lang='lat' dir='ltr'>quotum</span> <span class='ocrx_word' id='word_1_132' title='bbox 839 2006 926 2064; x_wconf 88' lang='lat' dir='ltr'>lumen</span> 
     </span>
     <span class='ocr_line' id='line_1_24' title="bbox 259 2077 927 2162; baseline 0.004 -22"><span class='ocrx_word' id='word_1_133' title='bbox 259 2077 322 2156; x_wconf 85' lang='lat' dir='ltr'>ejus</span> <span class='ocrx_word' id='word_1_134' title='bbox 344 2083 381 2140; x_wconf 85' lang='lat' dir='ltr'>sit</span> <span class='ocrx_word' id='word_1_135' title='bbox 396 2103 404 2140; x_wconf 76' lang='grc' dir='ltr'><strong>ε</strong></span> <span class='ocrx_word' id='word_1_136' title='bbox 425 2099 565 2162; x_wconf 77' lang='lat' dir='ltr'>praterea</span> <span class='ocrx_word' id='word_1_137' title='bbox 579 2085 682 2144; x_wconf 73' lang='lat' dir='ltr'>brumi</span> <span class='ocrx_word' id='word_1_138' title='bbox 697 2084 860 2147; x_wconf 86' lang='lat' dir='ltr'>increscere.</span> <span class='ocrx_word' id='word_1_139' title='bbox 875 2079 927 2143; x_wconf 86' lang='lat' dir='ltr'>Cu·</span> 
     </span>
     <span class='ocr_line' id='line_1_25' title="bbox 228 2158 878 2247; baseline 0.008 -27"><span class='ocrx_word' id='word_1_140' title='bbox 228 2239 231 2243; x_wconf 15' lang='lat' dir='ltr'>y</span> <span class='ocrx_word' id='word_1_141' title='bbox 257 2158 422 2221; x_wconf 74' lang='lat' dir='ltr'>uitulorum</span> <span class='ocrx_word' id='word_1_142' title='bbox 443 2164 473 2221; x_wconf 86' lang='lat' dir='ltr'>in</span> <span class='ocrx_word' id='word_1_143' title='bbox 487 2161 595 2226; x_wconf 77' lang='lat' dir='ltr'>Baetici</span> <span class='ocrx_word' id='word_1_144' title='bbox 610 2163 684 2245; x_wconf 86' lang='lat' dir='ltr'>saepe</span> <span class='ocrx_word' id='word_1_145' title='bbox 710 2168 833 2247; x_wconf 81' lang='lat' dir='ltr'>geminae</span> <span class='ocrx_word' id='word_1_146' title='bbox 850 2184 878 2225; x_wconf 85' lang='lat' dir='ltr'>re</span> 
     </span>
     <span class='ocr_line' id='line_1_26' title="bbox 259 2241 927 2307; baseline 0.007 -4"><span class='ocrx_word' id='word_1_147' title='bbox 259 2243 379 2303; x_wconf 88' lang='lat' dir='ltr'>riuntut.</span> <span class='ocrx_word' id='word_1_148' title='bbox 403 2241 548 2303; x_wconf 85' lang='lat' dir='ltr'>Ranarum</span> <span class='ocrx_word' id='word_1_149' title='bbox 576 2246 741 2305; x_wconf 88' lang='lat' dir='ltr'>rubetarum</span> <span class='ocrx_word' id='word_1_150' title='bbox 758 2246 845 2307; x_wconf 86' lang='lat' dir='ltr'>altera</span> <span class='ocrx_word' id='word_1_151' title='bbox 900 2260 927 2300; x_wconf 73' lang='grc' dir='ltr'><strong><em>η</em></strong></span> 
     </span>
     <span class='ocr_line' id='line_1_27' title="bbox 259 2321 926 2425; baseline -0.003 -42"><span class='ocrx_word' id='word_1_152' title='bbox 259 2343 277 2383; x_wconf 89' lang='lat' dir='ltr'>a</span> <span class='ocrx_word' id='word_1_153' title='bbox 294 2321 423 2391; x_wconf 84' lang='lat' dir='ltr'>formicis</span> <span class='ocrx_word' id='word_1_154' title='bbox 441 2343 501 2384; x_wconf 88' lang='lat' dir='ltr'>non</span> <span class='ocrx_word' id='word_1_155' title='bbox 526 2326 576 2384; x_wconf 91' lang='lat' dir='ltr'>atti</span> <span class='ocrx_word' id='word_1_156' title='bbox 616 2327 691 2395; x_wconf 89' lang='lat' dir='ltr'>itur,</span> <span class='ocrx_word' id='word_1_157' title='bbox 711 2344 834 2425; x_wconf 83' lang='lat' dir='ltr'>propter</span> <span class='ocrx_word' id='word_1_158' title='bbox 851 2341 926 2387; x_wconf 85' lang='lat' dir='ltr'>vene·</span> 
     </span>
     <span class='ocr_line' id='line_1_28' title="bbox 256 2403 925 2476; baseline 0.003 -13"><span class='ocrx_word' id='word_1_159' title='bbox 256 2423 346 2476; x_wconf 87' lang='lat' dir='ltr'>num,</span> <span class='ocrx_word' id='word_1_160' title='bbox 359 2420 391 2464; x_wconf 89' lang='lat' dir='ltr'>ut</span> <span class='ocrx_word' id='word_1_161' title='bbox 406 2403 584 2465; x_wconf 84' lang='lat' dir='ltr'>arbitrantur.</span> <span class='ocrx_word' id='word_1_162' title='bbox 619 2410 828 2468; x_wconf 70' lang='lat' dir='ltr'>euitrnraxrmb</span> <span class='ocrx_word' id='word_1_163' title='bbox 852 2422 925 2467; x_wconf 78' lang='lat' dir='ltr'>retu·</span> 
     </span>
     <span class='ocr_line' id='line_1_29' title="bbox 256 2479 926 2565; baseline 0.009 -24"><span class='ocrx_word' id='word_1_164' title='bbox 256 2479 334 2542; x_wconf 80' lang='lat' dir='ltr'>statis</span> <span class='ocrx_word' id='word_1_165' title='bbox 356 2485 486 2565; x_wconf 87' lang='lat' dir='ltr'>patiens,</span> <span class='ocrx_word' id='word_1_166' title='bbox 499 2489 627 2546; x_wconf 85' lang='lat' dir='ltr'>centenis</span> <span class='ocrx_word' id='word_1_167' title='bbox 649 2483 926 2561; x_wconf 71' lang='lat' dir='ltr'>durare2annis,ob⁴</span> 
     </span>
     <span class='ocr_line' id='line_1_30' title="bbox 257 2560 921 2706; baseline 0.011 -84"><span class='ocrx_word' id='word_1_168' title='bbox 257 2560 403 2623; x_wconf 68' lang='lat' dir='ltr'>ddionurn</span> <span class='ocrx_word' id='word_1_169' title='bbox 420 2565 553 2647; x_wconf 81' lang='lat' dir='ltr'>exempla</span> <span class='ocrx_word' id='word_1_170' title='bbox 571 2566 741 2706; x_wconf 79' lang='lat' dir='ltr'>prodidere.</span> <span class='ocrx_word' id='word_1_171' title='bbox 771 2618 776 2625; x_wconf 91' lang='lat'>.</span> <span class='ocrx_word' id='word_1_172' title='bbox 918 2634 921 2639; x_wconf 63' lang='grc'><em>,</em></span> 
     </span>
     <span class='ocr_line' id='line_1_31' title="bbox 269 2640 926 2728; baseline 0.008 -28"><span class='ocrx_word' id='word_1_173' title='bbox 269 2640 447 2705; x_wconf 80' lang='lat' dir='ltr'>.LXXVIL</span> <span class='ocrx_word' id='word_1_174' title='bbox 471 2644 546 2706; x_wconf 81' lang='lat' dir='ltr'>Exta</span> <span class='ocrx_word' id='word_1_175' title='bbox 583 2648 748 2728; x_wconf 83' lang='lat' dir='ltr'>erpentibus</span> <span class='ocrx_word' id='word_1_176' title='bbox 773 2645 926 2711; x_wconf 78' lang='lat' dir='ltr'>&amp;lacertis</span> 
     </span>
     <span class='ocr_line' id='line_1_32' title="bbox 256 2721 925 2791; baseline 0.007 -8"><span class='ocrx_word' id='word_1_177' title='bbox 256 2721 307 2783; x_wconf 88' lang='lat' dir='ltr'>lon</span> <span class='ocrx_word' id='word_1_178' title='bbox 326 2744 353 2785; x_wconf 84' lang='lat' dir='ltr'>a.</span> <span class='ocrx_word' id='word_1_179' title='bbox 366 2721 491 2785; x_wconf 83' lang='lat' dir='ltr'>Caecinae</span> <span class='ocrx_word' id='word_1_180' title='bbox 499 2725 692 2791; x_wconf 86' lang='lat' dir='ltr'>Volaterrano</span> <span class='ocrx_word' id='word_1_181' title='bbox 710 2728 851 2791; x_wconf 87' lang='lat' dir='ltr'>dracones</span> <span class='ocrx_word' id='word_1_182' title='bbox 865 2726 925 2789; x_wconf 53' lang='lat' dir='ltr'>etniss</span> 
     </span>
     <span class='ocr_line' id='line_1_33' title="bbox 256 2742 922 2895; baseline 0.006 -28"><span class='ocrx_word' id='word_1_183' title='bbox 256 2742 342 2867; x_wconf 67' lang='lat' dir='ltr'>tude</span> <span class='ocrx_word' id='word_1_184' title='bbox 360 2804 398 2870; x_wconf 84' lang='lat' dir='ltr'>de</span> <span class='ocrx_word' id='word_1_185' title='bbox 419 2808 490 2871; x_wconf 87' lang='lat' dir='ltr'>extis</span> <span class='ocrx_word' id='word_1_186' title='bbox 505 2806 573 2869; x_wconf 83' lang='lat' dir='ltr'>iaeto</span> <span class='ocrx_word' id='word_1_187' title='bbox 594 2808 731 2895; x_wconf 83' lang='lat' dir='ltr'>prodigio</span> <span class='ocrx_word' id='word_1_188' title='bbox 753 2805 922 2875; x_wconf 78' lang='lat' dir='ltr'>traditur&amp;</span> 
     </span>
    </p>
   </div>
   <div class='ocr_carea' id='block_1_3' title="bbox 0 0 1010 3596">
    <p class='ocr_par' dir='ltr' id='par_1_3' title="bbox 0 0 1010 3596">
     <span class='ocr_line' id='line_1_34' title="bbox 0 0 1010 3596; baseline 0 2"><span class='ocrx_word' id='word_1_189' title='bbox 0 0 1010 3596; x_wconf 95' lang='lat' dir='ltr'> </span> 
     </span>
    </p>
   </div>
  </div>
 </body>
</html>
