1978 3610
175 320 181 333 ·
251 272 472 347 Hrs'run‘.
493 277 570 348 ub,
589 270 637 348 Xr
689 288 757 373 ‘323

76 392 181 481 millius
202 414 240 457 ex
258 400 348 461 causis
366 414 404 458 ne
446 398 579 477 erapinae
597 408 759 461 ceterarum

77 480 178 557 alitum
192 477 319 538 obnoxia
334 475 385 539 est.
425 498 442 536 a
459 478 577 539 demum
589 477 757 542 solantium

76 562 190 621 nunniti
204 561 236 618 in
251 559 354 620 volatu
395 557 507 618 ascitur.

117 637 258 701 XXXVI.
282 657 332 722 25.
381 658 535 719 emporum
555 658 657 722 magna
675 639 757 704 diffe-

76 723 167 781 rentia
184 720 298 781 avibus.
314 719 477 790 Peneum,
494 736 526 779 ut
542 719 699 783 columbae:
714 721 758 784 se·

77 800 211 874 mellres,·
224 816 257 861 ut
275 799 443 859 hirundines
455 820 462 859 :
472 799 643 875 trimestres,
655 819 686 863 ut
697 818 757 863 tur·

77 883 109 942 di
126 884 159 944 δι
176 892 318 943 turtures':
331 882 363 942 δι
378 901 459 963 quae,
485 883 551 942 clun
569 879 663 944 ferum
682 883 757 945 edu-

75 982 164 1036 xere,
182 962 306 1034 abeunt,
323 977 355 1021 ut
373 962 417 1044 gal
457 960 477 1021 li
485 984 629 1045 ,upuuae.

117 1041 336 1105 xxxv11.2d.
357 982 500 1103 Audires
518 1028 596 1119 suni,
616 1045 755 1108 omnibus

75 1127 156 1186 annis
176 1123 314 1184 advolare
330 1121 416 1183 Ilium
434 1140 472 1182 ex
491 1123 592 1184 AEtltio
612 1128 642 1186 'i
667 1147 756 1202 avet,

76 1208 109 1269 ἀ
123 1203 326 1286 confligeread
337 1198 508 1263 Memnonis
519 1218 599 1263 tumu
611 1225 676 1278 um,
705 1227 756 1266 uas

75 1287 115 1348 ob
137 1286 167 1347 id
195 1284 403 1347 Memnonidas
432 1300 550 1344 vocant.
579 1282 647 1345 Hoc
678 1227 758 1345 idem

77 1370 177 1450 quinto
194 1386 313 1449 quoque
326 1385 403 1424 anno
420 1362 518 1424 facere
537 1384 585 1425 eas
599 1367 629 1425 in
641 1363 758 1426 AEthio·

75 1449 121 1530 pie
138 1451 216 1513 cirea
234 1449 345 1529 regiam
366 1443 553 1518 Memnonis,
572 1445 758 1527 exploratum

75 1529 128 1591 sibi
146 1527 317 1591 Cremutius
333 1526 430 1586 tradit.
619 1590 623 1601 ,

82 1622 86 1629 ’
113 1607 286 1671 XXXVlll.
305 1606 398 1667 Simili
416 1606 511 1667 modo
541 1621 668 1690 pugnant
688 1606 768 1681 lile·¹

74 1689 217 1786 leegrides
235 1693 265 1749 in
282 1687 405 1749 Boeotii.
426 1687 533 1748 Africie
553 1686 675 1750 horest
693 1689 758 1829 {al-

75 1772 195 1849 linarum
212 1790 322 1853 genus,
340 1768 509 1850 gibberum,
526 1771 613 1829 variis
630 1766 758 1851 sparum

75 1852 195 1934 plumis:
210 1872 275 1933 quae
294 1851 458 1910 novissima
468 1849 530 1911 sunt
540 1856 758 1933 peregrinarum

74 1937 172 1996 avium
189 1934 221 1992 in
241 1929 351 1992 mensas
368 1948 490 2010 receptae
510 1947 632 2012 propter
662 1935 758 2013 ingra-

74 2030 133 2075 tum
151 2015 243 2076 virus.
258 2011 373 2095 Verum
392 2009 534 2093 Meleagri
550 2012 676 2073 tumulus
700 2033 756 2076 no·

74 2094 144 2158 biles
165 2115 216 2156 eas
234 2092 312 2153 fecit.
398 2128 401 2135 ,

82 2202 87 2209 ·
111 2172 257 2238 XXXIX.
279 2190 326 2252 27.
337 2171 503 2239 Seleucides
513 2194 581 2236 aves
591 2186 757 2246 vocantur-5

74 2270 196 2340 quarum
212 2255 371 2316 adventum
387 2256 425 2315 ab
443 2254 675 2337 Juve'preribus
686 2257 755 2314 'im-

93 2357 190 2400 etrant
201 2336 280 2398 Casii
291 2337 399 2395 montis
417 2335 643 2417 lncolae‚fruges
654 2355 756 2396 eorum

74 2361 190 2482 [trustis
204 2415 393 2479 vallantibus.
421 2415 493 2475 Nec⁴
516 2415 594 2474 unde
610 2418 757 2491 ueniant,

131 2521 172 2562 ve
181 2501 678 2578 abeant,c0mpertum‚numqua'm
688 2518 755 2559 eon·

83 2581 173 2664 pedis
184 2627 194 2657 ,
204 2581 258 2640 nisi
268 2580 335 2638 clun
346 2577 481 2659 praetidio
494 2597 591 2637 earum
601 2579 756 2662 indigetur.

82 2662 175 2724 ·.XL
198 2661 247 2722 28.
267 2657 411 2720 Invocrnt
429 2660 461 2722 &
477 2658 610 2743 AEgyptii
623 2661 684 2720 ibes
695 2658 758 2719 suas

74 2762 175 2805 eontra
209 2740 384 2822 serpentium
417 2740 605 2804 adventum:
634 2743 667 2802 dt
694 2738 758 2798 Elei

71 2821 235 2908 Myiugron
256 2821 363 2900 deum,
381 2820 542 2887 muscarum
551 2819 759 2961 Omultitudine

604 2920 634 2978 v]
