2004 3628
170 270 174 275 ,
202 203 436 274 Hrsron.
459 202 536 278 Lib.
556 202 635 275 Vll.
704 222 774 298 ¹37

26 368 32 395 3
82 317 167 387 insule
186 343 297 406 regem
325 340 384 384 nc.
404 338 489 404 atque
508 338 540 383 ut
559 321 643 404 parce
666 324 775 383 menti·

26 449 29 455 ·
85 420 137 477 tus,
150 403 245 464 lilium
264 402 337 481 ejus
359 420 455 467 occe.
477 424 541 486 quae
553 401 772 467 omniainscitib

26 540 27 549 ,
84 500 240 568 temporum
263 485 450 546 acciderunt.
470 484 590 547 Annum
618 486 695 545 eninr
722 484 772 547 alii

83 565 170 627 alate
189 588 287 628 unum
324 566 578 638 determinabant,
597 564 629 626 ὃ(
646 567 770 629 alterum

83 644 169 709 bieme
187 670 195 710 t
217 650 269 708 alii
288 647 513 730 quadripartitis
528 645 722 726 temporibus,
734 647 773 709 si·

83 746 127 786 tut
135 727 267 790 Arcades
280 774 290 798 ‚
304 747 436 809 quorum
442 728 507 786 anni
515 722 671 787 trimestres
677 723 770 791 fueret

83 807 192 886 quidam
211 808 309 869 Lunae
328 807 431 879 senio,
453 824 486 867 ut
503 806 657 902 AEgyptii:
674 806 772 888 itaque

87 889 155 966 apud
173 910 225 950 eos
244 891 341 972 aliqui
355 889 507 972 &singula
521 888 611 949 millra
627 907 770 952 annorum

87 967 174 1029 vixisse
195 971 379 1051 produntur.

72 1097 93 1106 ¹.
123 1045 176 1109 Sed
191 1070 223 1110 ut
242 1052 283 1110 ad
302 1048 431 1112 consessa
452 1048 771 1134 transeamus,Argan·

87 1126 210 1192 thunium
220 1129 406 1193 Gaditanum
418 1130 564 1214 odoginta
573 1133 654 1193 annis
663 1128 772 1214 regnas·

91 1205 114 1267 se
130 1211 218 1291 prope
236 1231 354 1274 certum
375 1210 441 1273 est:
464 1229 567 1294 putant
590 1211 772 1294 quadragesi·

89 1307 137 1349 nto
155 1291 280 1374 coepisse.
313 1291 492 1354 Masinissam
519 1290 665 1383 sexaginta
689 1292 771 1355 annis

91 1369 208 1451 regnasse
228 1375 429 1437 indubitatum
450 1372 514 1435 ell:
534 1371 598 1435 Gor
620 1374 676 1433 iarn
694 1370 773 1435 Sicu·

93 1445 147 1510 lum
164 1471 283 1515 centum
309 1456 342 1517 &
363 1453 431 1516 oslo
455 1453 568 1517 vixisse.
595 1393 639 1533 ὅ.
664 1452 770 1517 Fabius

87 1525 228 1595 Maximus
242 1534 393 1617 sexaginta
411 1535 500 1594 tribus
514 1534 596 1605 annis
609 1552 698 1614 augur
707 1531 772 1597 suit.

89 1607 308 1696 -M.,Perpenna‚
321 1618 352 1678 &
364 1635 457 1696 nuper
475 1613 509 1675 L.
525 1612 664 1674 Volusius
675 1611 773 1675 Satur·

90 1691 189 1768 -ninuss
201 1699 337 1757 omniurn
355 1717 430 1778 quos
445 1698 473 1756 in
492 1693 639 1756 consulatu
658 1692 771 1760 senten·

90 1771 157 1833 *tiam
181 1798 215 1839 ro
236 1793 377 1850 aruerant,
392 1774 555 1858 superstites
577 1774 667 1837 suere.
696 1774 770 1840 Per·

98 1870 199 1993 penna,
209 1799 324 1941 septem
340 1860 455 1941 reliquit
473 1877 510 1920 ex
521 1859 573 1930 iis,
586 1877 660 1938 quos
667 1855 769 1919 censor

91 1952 213 2024 egerat:
225 1941 302 2003 vixit
323 1959 414 2001 annos
426 1955 542 2001 xcvut.
556 1935 629 2016 Qud
643 1939 676 1997 in
693 1957 723 1999 re
735 1939 769 2002 dt

92 2011 163 2075 allud
190 2018 333 2082 adnotare
354 2018 513 2091 succurrit,
536 2037 626 2079 unum
646 2020 769 2080 omnino

94 2097 315 2179 ‚quinquennium
334 2097 432 2170 fuisse,
452 2121 512 2182 quo
534 2097 647 2161 senator
673 2098 770 2162 nullus

100 2193 270 2244 moreretur:
286 2183 353 2244 clun
372 2179 491 2242 Flaccus
512 2181 545 2245 δι
562 2178 686 2243 Albinus
697 2200 769 2242 cen·

94 2250 172 2318 sores
189 2260 306 2325 lustrum
320 2261 498 2335 condidere,
514 2258 655 2339 usquead
672 2261 769 2342 proxi·

101 2351 160 2396 roos
179 2341 333 2416 censores,
350 2341 386 2403 ab
404 2361 481 2402 anno
498 2341 586 2402 Urbis
600 2342 770 2424 quingente·

95 2414 167 2481 »tino
178 2418 387 2506 septuagesimo
399 2442 488 2486 nono.
499 2419 543 2485 Μ.
552 2419 685 2483 Valerius
697 2419 771 2485 Cor·

103 2497 195 2574 rinus,
212 2522 241 2567 c.
263 2525 353 2565 annos
364 2503 514 2585 implevit:
529 2499 609 2582 cujus
625 2504 699 2565 inter
712 2505 770 2584 pri·

103 2593 175 2641 mum
193 2583 353 2648 &sextum
384 2580 561 2647 consulatum
590 2601 679 2647 xtvt.
702 2583 769 2645 anni

106 2651 185 2725 fuere.
204 2661 286 2727 Idem
305 2664 371 2730 sella
390 2664 481 2728 curuli
501 2662 588 2731 semel
613 2686 648 2729 ac
676 2663 769 2729 vicine

105 2731 184 2829 sedit,
199 2747 310 2829 quoties
325 2766 413 2813 nemo
437 2747 518 2813 alius.
544 2744 687 2826 AEquavit
706 2738 772 2822 ejus

104 2833 164 2885 ,ute
182 2821 299 2908 spatium
315 2825 453 2891 Metellus
466 2824 610 2911 pontifex.
