2004 3628
252 272 328 350 '¹44
376 258 412 329 c.
441 256 611 328 Pz'turr
630 255 819 328 Narun.

251 374 456 451 Proconneso,
473 377 555 438 corvi
577 371 690 459 effigie,
708 374 813 473 magni
821 370 951 458 quae'sei

276 463 350 519 uitur
369 458 559 519 fabulositate.
580 455 684 536 Quam
703 457 843 538 equtdem
868 459 906 520 ὅ(
918 461 949 520 itt

250 480 384 603 znotsio
402 538 426 599 E
448 538 574 598 imenide
595 537 680 598 simili
698 539 790 598 modo
806 541 948 621 accipio:

251 618 376 685 Puerum
393 560 462 680 aellu
488 620 643 679 &itinere
663 616 766 678 felium
792 621 823 677 in
851 617 947 700 specu

250 699 364 784 septem
381 702 414 761 &
433 701 638 782 quinquaginta
667 696 803 758 dormisse
831 702 946 771 annisi

250 803 350 846 terunt
367 780 470 841 facient
493 783 742 861 mutationemque
762 781 943 854 mirantem,

250 863 333 925 velut
351 859 469 943 postero
491 881 508 921 e
550 859 690 920 erredittm
709 861 855 920 diethinc
877 863 943 943 pari

250 962 376 1006 numero
393 940 506 1002 dierum
537 944 604 1002 enio
620 941 941 1023 ingmente‚utta'mett

248 1025 281 1086 in
293 1023 443 1104 septimum
453 1024 484 1082 &
513 1022 760 1103 uinquagesintum
771 1040 862 1103 atque
873 1043 943 1082 ceu·

249 1106 390 1166 tesimum
404 1107 473 1177 yitae
490 1044 605 1162 duraret
623 1122 738 1162 annum.
749 1101 940 1164 Feminarum

249 1184 335 1248 sexus
350 1186 415 1245 huic
433 1184 510 1244 malo
523 1184 641 1243 videtur
667 1183 791 1242 maximi
820 1204 939 1265 oppor-

247 1280 356 1342 ¹tutius,
369 1267 562 1325 conversione
579 1263 695 1323 vulvae:
714 1285 779 1345 quae
799 1265 824 1322 si
842 1267 939 1325 corri-

248 1365 349 1489 gatur,
367 1344 479 1426 spiritus
491 1343 655 1404 restituitur.
668 1342 733 1403 Huc
743 1345 873 1425 pertinet
884 1367 937 1415 noe

198 1468 199 1475 r
271 1428 309 1488 ile
335 1426 413 1508 apud
444 1423 566 1486 Graecos
584 1424 729 1485 ‘volumen
753 1424 936 1501 Heraclidis,

162 1562 164 1565 .
248 1507 360 1591 septem
379 1507 482 1570 diebus
498 1505 614 1566 feminee
629 1507 768 1567 exanimis
783 1506 825 1566 ad
840 1509 936 1570 vitant

249 1607 406 1651 revocatae.

289 1668 385 1729 Varro
404 1688 522 1749 quoque
538 1664 635 1729 audior
660 1665 722 1741 est,
739 1683 797 1728 xx.
815 1669 886 1730 viro
904 1665 934 1730 se

247 1767 333 1829 agros
362 1747 513 1808 dividente
541 1748 671 1829 Capnae,
697 1748 852 1830 quemdam
883 1749 933 1821 qui
989 1770 990 1781 ¹

246 1826 396 1890 efferretur
409 1827 497 1902 ‚t'oro
512 1828 634 1890 domum
644 1828 779 1893 remealle
792 1830 932 1909 pedibust

248 1908 318 1972 Hoc
339 1911 418 1970 idem
435 1909 546 1992 Aquini
560 1908 701 1971 accidisse.
723 1910 828 1970 Romae
851 1931 933 1993 quo·

246 2011 306 2072 que
323 1988 488 2050 Corfidium
499 2007 660 2052 materterae
671 1989 727 2051 suae
740 1995 873 2051 maritum
885 1991 932 2052 fu·

245 2089 317 2132 nere
336 2070 433 2130 locato
450 2068 601 2144 revixille,
620 2073 651 2134 dt
669 2072 831 2133 locatorem
842 2071 933 2134 fune·

244 2153 286 2213 ris
306 2151 343 2211 als
359 2170 397 2210 eo
417 2150 537 2211 elatum.
558 2150 672 2230 Adjicit
691 2153 845 2226 miracula,
860 2172 930 2238 qua
988 2168 989 2197 l

243 2247 308 2293 tota
323 2228 458 2291 indicalle
478 2235 642 2293 conveniat.
661 2230 685 2293 E
707 2233 820 2294 duobus
834 2232 930 2296 fratri·

243 2314 299 2375 bus
318 2310 457 2396 equestris
471 2314 598 2386 ordinis,
611 2310 747 2375 Corfidio
762 2313 866 2394 majori
877 2337 929 2377 ac·

242 2391 360 2465 cidiile‚
378 2411 410 2452 ut
424 2391 573 2454 videretur
583 2392 749 2475 exspirasse,
764 2413 928 2480 apertoque

242 2472 416 2535 testamento
438 2477 590 2534 recitatum
616 2474 755 2536 heredem
777 2478 928 2540 minorem
987 2498 988 2501 ’

242 2553 337 2615 funeri
355 2551 477 2614 instititie
489 2577 497 2615 ε
510 2558 627 2615 interim
653 2575 743 2629 eum,
765 2559 816 2638 qui
836 2559 927 2621 vide·

242 2632 496 2707 battttettinilus,
517 2636 682 2714 plaudendo
701 2635 927 2701 conciviffemi·

241 2713 377 2786 misteria,
393 2714 425 2775 dt
445 2714 567 2776 narrasse
586 2738 602 2770 u
613 2715 726 2780 aftatre
744 2715 773 2779 se
789 2718 923 2795 remise,

240 2794 509 2870 »momentano
520 2797 576 2861 sibi
591 2795 778 2864 tiliamabeo.
790 2797 926 2864 Demoo·

762 2902 783 2940 st
798 2878 922 2946 stratum
