1978 3610
259 272 334 356 ‘334
383 252 420 326 C.
443 248 852 335 PrrurtNArurt.

259 376 358 457 n'dque
384 370 504 434 sulcare.
524 369 597 452 Qud
622 372 652 430 itt
679 370 899 446 ostentatione,
914 384 954 435 ut

259 453 877 536 vindae,prrebenturaccipitri,implicatis
885 453 945 514 stre·

257 538 320 620 pitu
339 536 461 617 pennis,
479 536 599 617 quinon
614 535 670 593 nisi
687 536 758 616 ipsis
773 535 886 595 alarum
897 534 943 594 hu·

258 618 349 680 meris
359 616 489 676 eliditur:
501 615 608 696 alioqui
618 612 712 676 soluto
723 615 824 676 volatu
834 618 864 676 in
873 612 942 677 mul·

259 714 325 759 tutu
345 697 520 759 velociores.
539 693 854 776 speculaturoccultus
865 694 941 755 fron·

258 778 299 849 de
320 778 419 852 latro,
442 776 477 838 δι
503 775 680 858 gaudentem
706 778 739 836 in
763 779 826 858 ipsi
849 773 941 859 gleni
979 812 980 815 =

261 880 294 922 ra
315 875 347 919 rt.
979 880 980 883 ¹

295 881 350 1022 137.
359 936 411 1000 ob
424 937 530 998 iduum
540 939 575 998 iis
589 937 722 998 habenda
732 935 774 999 est
783 940 843 999 avit
854 981 865 1011 ,
876 955 940 1018 quae

258 1020 441 1083 tinnunculus
458 1037 592 1080 vocatur.
610 1017 757 1080 Defendit
768 1021 849 1079 enim
860 1017 936 1090 illas,

257 1115 407 1181 terretque
429 1101 580 1179 accipitres
603 1100 725 1160 naturali
743 1099 895 1191 potentii,
907 1100 937 1157 in

258 1195 377 1255 tantunr
386 1196 419 1241 ut
439 1179 531 1241 visum
548 1201 714 1264 vocemque
733 1202 797 1262 elus
823 1179 935 1262 fugiant.

258 1260 326 1323 Hac
349 1262 388 1322 de
411 1261 497 1321 causi
517 1265 679 1345 praecipuus
701 1262 844 1323 columbis
859 1280 935 1320 amor

172 1338 178 1345 ’
258 1362 373 1403 eorum.
399 1341 586 1424 Feruntque,
606 1345 630 1403 si
650 1344 681 1402 in
703 1358 828 1440 quatuor
851 1360 935 1424 augu-

259 1423 296 1487 lis
312 1421 496 1483 defodiantur
515 1425 545 1484 in
564 1423 634 1484 ollis
651 1444 738 1494 novus
752 1423 868 1496 oblitis3
879 1440 932 1482 non

234 1572 239 1583 ,
259 1520 372 1567 mutate
390 1501 488 1564 sedent
506 1503 672 1566 columbas:
691 1502 788 1587 (quod
802 1525 879 1565 auro
894 1504 933 1561 in·

258 1583 341 1646 sedis
356 1584 466 1645 alarum
476 1586 603 1646 articulis
613 1587 754 1665 quaesiere
765 1584 867 1667 aliqui,
878 1601 932 1642 non

171 1682 175 1687 ·
256 1665 343 1726 aliter
352 1667 476 1727 innoxiis
485 1664 932 1748 vulneribust)multivagdalio·

302 1747 394 1808 iave.
408 1744 459 1807 Est
477 1749 557 1810 enim
578 1767 623 1807 ars
642 1746 698 1807 illis
720 1749 797 1807 inter
813 1745 841 1808 se
862 1745 933 1805 blan-

257 1766 314 1887 ddi
333 1827 365 1888 &
382 1844 571 1910 corrumpere
590 1827 675 1898 alias,
692 1826 830 1911 furtoque
852 1825 932 1889 comi·
979 1856 980 1859 ¹

256 1923 376 1969 tutiores
395 1910 514 1969 reverti.
849 1952 852 1956 -

286 1988 377 2049 .Llll.
395 1986 480 2068 Quin
491 1990 524 2050 ὃ(
536 1988 721 2051 internuntiae
732 1989 763 2049 in
773 1989 859 2051 rebus
874 2005 931 2048 ma·
979 1962 980 2053 l

258 2069 322 2207 finis
340 2068 440 2142 fuere,
455 2069 591 2151 epistolas
611 2070 735 2131 adnexas
759 2090 857 2131 earum
880 2087 930 2151 pe·
979 2076 980 2079 ’

281 2147 345 2208 ibus
363 2147 517 2211 obsidione
536 2150 695 2212 Mutinensi
713 2154 743 2211 in
763 2150 851 2212 castra
868 2169 929 2209 con·
979 2168 980 2241 q

257 2225 352 2289 sulum
385 2227 514 2292 Decimo
546 2232 638 2293 Bruto
670 2235 813 2294 mittente.
851 2226 928 2310 Quid

258 2309 368 2387 vallum
377 2353 388 2382 ,
402 2311 437 2373 δι
454 2313 526 2395 vigil
543 2314 679 2386 obsidio,
693 2330 722 2373 at
763 2333 779 2374 e
801 2316 928 2374 etiamne·

256 2392 299 2451 tia
312 2411 398 2453 amne
418 2410 557 2473 praetenta
575 2393 714 2476 profuere
775 2396 870 2466 conio,
880 2408 927 2474 per

257 2471 362 2531 eaelum
382 2474 470 2534 eunte
489 2475 609 2536 nuntio?
622 2474 659 2535 Et
675 2476 778 2534 harum
789 2473 927 2536 amorein·

162 2600 165 2605 ,
257 2548 369 2613 sortiunt
385 2555 481 2616 multi:
493 2555 577 2638 super
594 2554 668 2616 tedia
688 2554 925 2616 exaedificanttur·
979 2578 980 2629 3

256 2650 306 2692 res.
320 2632 375 2704 iis,
391 2634 629 2718 nobilitatemque
646 2636 822 2718 singularum
835 2636 865 2707 δι
876 2634 925 2694 ori·
979 2640 980 2655 ³

257 2713 339 2795 gines
356 2733 491 2790 narrant,
520 2734 621 2779 vetere
643 2714 703 2796 jam
731 2712 924 2799 exemplol.
979 2712 980 2751 l

255 2792 349 2873 Anus
368 2810 462 2877 eques
483 2796 633 2873 Romanus
643 2813 712 2861 ante
726 2798 837 2863 bellum
847 2795 925 2865 civile
