1966 3618
54 2417 68 2455 f

237 216 449 289 Hrsrort.
467 219 538 290 Lib.
553 218 615 291 IX.
677 240 749 317 239

66 330 174 401 Errant
191 336 229 399 &
246 337 349 419 pecori
359 337 466 398 similes
481 336 584 399 belluae
597 336 638 398 ibi
648 339 678 398 in
691 355 749 399 ter·

67 440 120 479 sam
128 465 141 493 ,
159 417 312 502 pastaque
328 418 439 481 radices
446 413 586 483 'fruticum
600 438 745 481 remeant:

69 499 98 560 &
118 499 257 582 quasdam
284 519 450 581 equorum,
467 503 630 572 asinorum,
648 518 747 562 tauro·

70 600 126 640 rum
152 580 316 661 capitibus,
333 601 399 661 quae
419 578 607 659 depascuntur
623 579 688 641 sata.

105 660 156 721 ΙΙΙ.
179 683 208 735 4.
231 660 399 722 Maximum
411 659 514 719 animal
527 662 556 719 in
568 660 668 721 Indico
685 681 747 723 ma·

74 740 95 799 ri
111 739 223 822 pristis,
242 742 275 802 &
294 739 405 801 balaena
422 739 478 802 est:
491 742 521 800 in
534 736 648 802 Gallico
662 763 748 803 ocea-

74 819 595 982 :30t12s5‘3130‡2{2”3353‡23213
607 821 749 964 sissi

76 984 226 1062 quamdam
250 982 386 1043 crustam.
457 981 604 1044 Gaditano
623 982 749 1046 Oceano

77 1062 156 1124 arbor
176 1066 335 1124 intantum
348 1085 368 1123 v
412 1085 436 1122 rs
455 1062 582 1142 dispansa
600 1068 706 1138 ramis,
719 1080 753 1126 ut

77 1162 110 1202 ex
124 1144 158 1204 ei
176 1145 262 1204 causa
276 1142 383 1204 fretum
421 1163 557 1226 umquam
567 1142 677 1204 intrasse
689 1164 751 1204 cre·

78 1222 161 1284 datur.
178 1226 330 1306 Apparent
344 1227 376 1286 δι
389 1245 423 1284 ro
449 1292 454 1298 .
484 1223 634 1305 appellatae
645 1224 750 1283 asinii·

81 1303 205 1380 litudine‚
221 1307 364 1388 quaternis
374 1302 508 1365 distinsiae
519 1303 622 1376 radiis,
633 1303 752 1364 modio·

80 1384 119 1444 lot
136 1406 231 1448 earum
246 1386 339 1447 oculis
360 1385 474 1447 duobus
493 1389 640 1466 utrimque
671 1384 751 1446 clau·

78 1464 210 1530 dentibus.

114 1544 163 1607 lv.
182 1567 208 1629 5.
224 1546 348 1608 Tiberio
359 1545 482 1628 principi
491 1544 635 1608 nuntiavit
653 1541 750 1607 Olisi-

80 1632 242 1706 portensium
252 1628 359 1711 legatio
369 1628 409 1688 ob
424 1627 455 1687 id
467 1624 681 1700 miffa‚visum,
694 1646 749 1686 au·

82 1705 216 1791 ditumque
231 1712 262 1769 in
278 1707 407 1791 quodam
417 1705 504 1788 specu
516 1706 628 1768 conchi
644 1728 750 1767 canen·

83 1801 136 1847 tem
143 1788 310 1863 Tritonem,
320 1789 378 1872 qui
386 1788 511 1850 noscitur
521 1786 632 1850 sormi:
647 1790 679 1852 &
688 1787 718 1849 N
720 1808 748 1849 e·

83 1868 181 1930 aeidum
196 1869 263 1931 falsa
280 1891 342 1931 non
359 1868 420 1943 est,
433 1868 557 2008 scpuamis
566 1868 749 1950 modbhispi·

83 1946 117 2006 do
133 1971 268 2034 corpore,
280 1952 366 2011 etiam
382 1948 439 2032 qui
473 1970 608 2010 urnanam
620 1945 747 2032 effigiem

84 2026 183 2092 habeut.
203 2031 339 2114 Namque
349 2031 410 2092 haec
425 2034 455 2090 in
465 2028 702 2112 eodemspeshta
713 2031 746 2092 li·

85 2123 140 2170 tore
154 2111 209 2186 est,
225 2111 307 2190 cujus
326 2113 474 2172 morientis
484 2144 486 2151 r
497 2113 583 2172 etiam
597 2113 746 2194 gannitum

85 2189 177 2252 tristem
187 2193 293 2255 accolae
302 2191 438 2254 audivere
450 2193 547 2273 longi.
558 2190 595 2252 Et
606 2192 677 2252 divo
687 2189 749 2254 Au·

86 2270 156 2350 gusto
170 2274 278 2357 legatus
293 2271 396 2335 Galliae
418 2274 583 2353 complures
605 2274 636 2330 in
660 2271 748 2333 litore

85 2369 207 2490 {pparete
225 2355 372 2416 exanimes
390 2352 535 2414 Nereidas
549 2349 669 2490 scripsit.
683 2352 748 2413 Au·

108 2452 167 2494 oret
183 2435 277 2496 habeo
297 2438 329 2493 in
342 2431 467 2514 equestri
487 2430 590 2492 ordine
611 2431 748 2514 plenden·

86 2524 139 2584 tes,
153 2515 244 2576 visum
254 2514 342 2575 abhis
351 2516 381 2573 in
392 2511 538 2575 Gaditano
556 2533 668 2575 oceano
682 2536 748 2575 ma·

86 2591 170 2654 tinum
189 2597 359 2664 hominem,
375 2609 440 2654 toto
468 2613 593 2674 corpore
617 2593 748 2656 absoluti
801 2584 810 2609 '

88 2672 278 2738 similitudine:
293 2674 447 2736 ascendere
466 2675 581 2758 navigia
601 2674 748 2736 nostumis

86 2758 267 2838 tenporibus,
279 2754 430 2840 statimque
446 2755 694 2840 degravari,quas
705 2755 751 2821 ine
