2012 3596
205 262 277 375 436
320 246 362 334 ⁵0.
389 210 817 335 Parsrr'Narun.

205 386 345 458 evidens,
366 381 454 444 index
472 379 535 442 sere
562 381 753 455 morborum,
772 383 804 442 in
821 391 902 444 moi

206 466 290 527 dulos
307 480 422 537 certos,
442 460 577 545 legesque
596 465 747 535 metricas,
760 483 817 545 per
824 481 904 524 aeta·

206 564 272 620 tes,
285 542 409 614 stabilis,
428 562 479 604 aut
493 545 618 614 citatus,
636 559 685 603 aut
702 543 818 617 tardus,
833 543 902 605 de-

207 625 327 707 scriptus
339 625 376 686 ab
392 624 556 705 Herophilo
565 622 720 684 medicinae
735 640 822 695 vate,
839 628 904 684 rni-

206 705 298 767 randi
315 722 395 776 arte,
407 706 528 764 nimiam
557 720 678 786 propter
703 701 900 781 subtilitatem

207 783 354 859 desertus,
374 782 577 846 observatione
600 800 698 844 tamen
724 783 820 853 crebri
841 800 901 845 aut

207 866 255 945 lan
276 866 335 926 uidi
350 863 439 940 isius,
453 863 644 947 gubernacula
653 865 722 925 vitae
733 881 898 943 temperat.

306 943 415 1005 XXIX.
426 944 549 1006 Arteria
560 960 659 1005 carent
670 942 767 1004 sensu:
778 965 847 1003 nam
857 945 897 1007 &

207 1024 351 1121 sanguine.
374 1022 439 1085 Nec
464 1045 569 1089 omnes
594 1024 714 1086 vitalem
737 1026 898 1086 continent

207 1106 339 1189 spiritum
349 1128 356 1167 :
366 1105 546 1187 praecisisque
556 1103 694 1187 torpescit
702 1106 810 1166 tantum
820 1125 894 1185 pars

209 1209 248 1250 ea
269 1187 410 1270 corporis.
429 1184 513 1248 Aves
525 1205 579 1246 nec
597 1206 686 1251 venas
703 1206 759 1246 nec
773 1186 896 1246 arterias

209 1267 333 1331 babent:
350 1270 422 1327 item
438 1266 602 1348 serpentes,
615 1264 788 1338 testudines,
799 1267 897 1327 lacer·

209 1366 266 1422 tar,
284 1349 492 1428 minimr'rmque
504 1345 656 1429 sanguinis.
673 1345 766 1407 Venae
775 1349 805 1406 in
816 1368 898 1427 prae-=

209 1447 314 1492 tenues
329 1425 479 1518 postremo
500 1425 587 1488 fibras
606 1427 815 1488 subterratam
838 1448 898 1488 cu·

210 1528 274 1577 aem
294 1506 443 1590 dispersae,
460 1507 535 1569 adeo
555 1509 585 1568 in
604 1505 751 1590 angustam
777 1506 897 1568 subtili-

211 1608 303 1657 tatem
321 1606 488 1661 tenuantur,
499 1605 531 1649 ιιι
547 1605 698 1670 penetrare
708 1586 819 1670 sanguis
831 1609 898 1651 non

210 1673 321 1756 possit,
334 1670 450 1731 aliudve
460 1669 546 1750 quim
559 1669 641 1731 exilis
657 1669 760 1730 humor
775 1669 811 1729 ab
820 1669 896 1740 ilio,

211 1755 264 1837 qui
279 1749 473 1812 cacuminibus
492 1753 649 1811 innumeris
664 1748 750 1810 sudor
763 1750 898 1831 appella·

213 1852 271 1898 tur.
286 1831 434 1894 Venarum
448 1832 479 1890 in
492 1832 630 1901 umbilico
640 1831 733 1892 nodus
742 1851 775 1890 ac
786 1832 898 1894 coitus.

251 1910 319 1975 XC.
338 1911 385 1996 38.
404 1909 524 1994 Sanguis
545 1912 648 1993 quibus
668 1910 773 1972 multus
784 1911 817 1973 &
828 1913 899 1993 pin·

214 1996 297 2086 guis,
318 1993 482 2054 iracundia:
501 1992 640 2068 maribus,
654 1990 741 2074 quim
755 1989 874 2052 seminis
883 2033 900 2065 ‚

212 2072 341 2213 ntXnor:
357 2075 391 2136 8:
406 2070 535 2152 juventae
550 2074 639 2168 magis
636 2071 738 2214 lquatu
751 2069 845 2133 senio:
859 2074 899 2136 δι

212 2155 224 2215 i
256 2154 348 2213 eriore
370 2169 451 2235 parte
469 2156 520 2235 pin
559 2174 614 2215 ror.
673 2172 745 2236 agna
759 2152 834 2214 &in
854 2173 901 2215 eo

213 2234 359 2297 vitalitatis
381 2235 490 2316 portio.
510 2172 630 2296 Xr'bissus
650 2232 667 2293 s
683 2235 776 2294 iritum
794 2231 899 2296 secum

213 2317 317 2378 trahit:
335 2313 441 2377 taiium
458 2331 557 2374 tamen
577 2335 638 2374 non
655 2256 747 2376 ssntit.
769 2313 900 2376 Anima·

214 2390 286 2456 sinin
298 2394 434 2470 fortiora,
446 2395 551 2477 quibus
572 2393 683 2478 sanguis
699 2396 836 2457 crassior:
849 2394 899 2458 sa·

236 2476 378 2551 ientiora,
391 2472 493 2557 quibus
505 2478 639 2538 tenuior:
652 2475 815 2551 timidiora,
832 2478 900 2559 qui·

214 2497 271 2617 bus
285 2557 438 2629 minimus,
457 2571 506 2616 aut
526 2556 631 2617 nullus.
655 2555 820 2618 Taurorum
843 2578 910 2621 cem

212 2635 330 2699 semime
354 2639 414 2696 coit
432 2653 517 2718 atque
534 2635 671 2712 durescit,
688 2637 759 2698 ideo
776 2634 900 2718 pestifer

213 2733 288 2801 potu
299 2716 434 2778 maxime.
445 2716 609 2798 Aproniam,
623 2737 656 2779 ac
668 2737 841 2789 cervorum,
852 2739 901 2779 ca·

212 2817 425 2883 prearumque,
440 2797 473 2863 &
488 2796 661 2863 bubalorum
677 2798 810 2866 omnium
833 2819 901 2885 noo
