1978 3610
255 230 328 328 408
373 230 409 303 c.
431 230 617 300 Pataita
641 226 850 303 Natat.

254 372 320 415 rum
341 351 439 434 generi
457 348 555 422 nulla,
572 368 627 409 nec
647 344 790 432 spongiis,
811 369 872 410 nec
885 345 940 410 aliis

253 432 338 503 fere,
393 431 458 490 ibus
480 428 556 489 solus
574 449 612 489 ex
631 427 762 489 sensibus
775 430 872 492 talias
893 429 938 492 e'll.

253 511 360 592 Quibu
373 511 442 572 <lam
471 508 654 571 indiscretum
687 527 774 592 caput
802 509 882 585 est,
911 525 940 571 ut

255 612 378 653 santus.

295 669 419 732 XLVII.
438 668 473 732 ln
486 674 579 754 capite
590 669 759 735 cantiorum
771 671 938 732 animalium

252 751 367 815 homiui
388 752 528 833 plurimus
542 752 643 835 'piluss
659 750 717 831 jam
733 753 854 833 quidem
871 758 940 833 prob

252 834 362 894 mistus
389 833 513 893 maribus
531 853 564 893 ac
585 831 722 907 feminis,
744 833 821 913 apud
840 835 938 892 inton-

253 912 298 975 sas
320 915 361 973 uti
383 930 420 972 ue
440 932 551 993 gentes.
580 912 682 995 Atque
709 915 795 973 etiam
811 915 937 972 uomina

253 1014 293 1054 ex
312 1013 349 1053 eo
363 935 519 1073 <llapillatis
539 992 660 1076 Alpium
682 995 804 1066 incolis,
832 991 934 1053 Galliae

250 1071 407 1134 Comatae:
422 1091 453 1132 ut
469 1090 566 1134 tamen
585 1077 622 1134 sit
643 1074 680 1133 ali
704 1097 740 1133 ua
754 1077 782 1133 in
801 1075 859 1133 hoc
879 1091 935 1132 ter·

253 1174 359 1215 aarum
371 1151 551 1215 differentia:
567 1096 727 1251 quippelil
749 1156 822 1214 conii
837 1173 935 1212 taren·

254 1252 300 1295 tes
319 1256 356 1295 eo
371 1237 546 1375 gignuntur,
565 1243 639 1296 sicut
656 1238 687 1294 in
709 1176 932 1296 (liunolieuosi.

256 1314 294 1377 Et
306 1337 372 1397 quae
391 1314 615 1377 amtauimaliuin
625 1317 791 1376 naturaliter
801 1316 929 1385 salvent,

256 1398 330 1456 sicut
338 1395 577 1470 struthiocameli,
587 1398 620 1458 &
631 1400 713 1457 corvi
725 1399 862 1476 aquatici,
907 1395 923 1419 '¹

255 1478 310 1538 bus
337 1477 413 1558 apud
435 1474 557 1537 Graecos
576 1499 685 1537 nomen
706 1476 748 1537 'est
764 1478 841 1537 inde.

252 1556 378 1619 fluvium
398 1578 500 1619 eorum
520 1561 551 1618 in
567 1560 689 1618 muliere
705 1579 814 1627 rarum,
825 1559 854 1615 in
869 1553 927 1694 seat

254 1639 379 1698 donibus
398 1659 458 1698 non
473 1637 585 1711 visum,
601 1642 699 1699 necin
721 1641 781 1699 ullo
800 1657 863 1699 ante
900 1654 926 1695 e·

251 1720 332 1779 ueris
350 1717 441 1779 usum.
455 1718 520 1780 Nec
538 1719 611 1779 infra
624 1714 923 1792 cerebrum,autinfr2

252 1801 416 1869 verticem,
432 1818 482 1859 aut
491 1802 566 1860 circa
585 1818 734 1880 tempora,
747 1820 830 1884 atque
838 1816 920 1858 aures.

253 1877 415 1941 calvitium
433 1884 481 1940 uni
500 1883 611 1942 tantum
627 1883 790 1942 animalium
807 1878 922 1950 homini,

253 1979 445 2042 praeterquam
462 1963 599 2022 innatum.
609 1960 750 2023 -Canities
758 1963 924 2023 hominitau·

251 2039 318 2098 tum
336 2042 369 2100 &
387 2043 468 2120 equis
480 2064 488 2102 ε
500 2040 549 2103 sed
566 2044 675 2106 homini
686 2043 799 2126 semper
815 2038 923 2124 aptioti

252 2134 335 2200 parte
354 2139 385 2178 ca
408 2123 472 2181 itis:
488 2140 551 2182 tum
571 2123 676 2185 deinde
694 2125 733 2184 ab
743 2124 851 2184 aversi

258 2236 261 2239 ι
287 2141 583 2264 γΧΙΜῗΙΝεηὶςες
610 2204 670 2263 bini
691 2206 842 2266 hominum
867 2219 922 2262 tan·

251 2281 317 2341 tum
335 2281 485 2363 aliquibus.
510 2282 622 2365 Capitis
639 2283 696 2345 offa
709 2287 809 2366 plana,
820 2284 922 2354 tenuia,

249 2364 314 2422 sine
331 2362 485 2436 medullis,
502 2363 614 2425 serratis
639 2365 804 2446 peffinatim
830 2360 934 2427 {ltulla'

254 2444 451 2580 compafibus.
481 2443 622 2505 Perfrakla
644 2467 705 2507 non
734 2466 845 2528 queunt
874 2441 921 2504 oli·

250 2520 333 2581 dati:
363 2523 401 2582 ed
421 2542 556 2608 exempta
574 2527 690 2587 modice
707 2550 768 2588 non
788 2526 852 2588 sunt
864 2526 922 2585 leta

251 2600 308 2671 lia,
326 2601 355 2660 in
370 2605 468 2664 vicem
483 2627 586 2668 eorum
603 2606 775 2675 succedente
791 2601 921 2688 corporei

249 2681 391 2775 cicatrife.
413 2683 609 2747 infirmissima
626 2686 683 2748 elle
703 2692 796 2768 ursis,
815 2684 922 2751 durissi-

248 2765 521 2845 ma·puttacis,su0
538 2768 660 2832 diximus
676 2768 757 2835 low.
825 2840 922 2914 m
