2004 3628
115 243 119 251 '
191 256 240 338 92
316 238 351 311 C.
377 239 553 310 Prrurr
577 241 788 311 NAwn.⁴

189 358 331 421 insistere.
354 357 392 420 In·
407 375 527 431 monte,
547 360 594 419 cui
613 377 722 419 nomen
744 355 787 418 est
815 355 903 419 Nu⁴

190 442 245 510 lo,
268 440 401 501 homines
412 439 468 500 effe
480 443 586 502 aversis
602 439 726 520 plantis,
745 437 899 499 ostonos

191 521 299 602 digitos
319 522 350 580 in
376 521 493 603 singulis
517 520 683 593 habentes,
705 518 808 579 auctor
843 518 901 582 est

191 598 406 684 Megasthenes.
436 623 451 670 r

229 679 266 741 -In
284 682 380 742 multis
398 698 495 742 autern
513 680 659 742 montibus
672 699 763 762 genus
774 680 900 740 homi-

190 780 262 822 nurn
285 763 425 844 capitibus
448 764 570 835 caninis,
589 760 715 822 ferarum
728 782 733 799 ¹
746 760 895 841 pellibus

190 842 305 917 velari,
323 863 378 923 pro
394 861 470 904 uoce
491 842 622 903 latratum
643 842 748 913 edere,
771 843 899 925 ungui-

190 924 245 983 bus
267 941 407 983 arrnatunr
424 920 532 987 venatu
561 924 594 984 δι
623 923 749 1001 aucupio
783 920 893 982 vesci.

190 1002 307 1065 Horum
323 1000 353 1063 su
376 1024 407 1063 ra
428 1021 545 1063 centurn
561 1003 664 1084 viginti
683 1001 773 1063 millia
788 999 897 1063 fuiffe·

190 1083 335 1164 prodente
356 1103 373 1143 e
386 1080 500 1145 Ctesias
516 1082 633 1144 scribit:
652 1083 689 1147 &7
702 1085 733 1141 in
740 1081 889 1163 quadam

190 1181 278 1246 gente
303 1162 412 1238 indiae,
430 1162 555 1224 feminas
581 1162 670 1224 semel
689 1163 720 1221 in
735 1162 799 1223 vita
822 1183 895 1245 ρει·

190 1264 271 1318 rere,
282 1243 450 1328 genitosque
461 1243 615 1306 confestim
627 1242 787 1304 canescere.
795 1239 886 1304 Item

191 1324 343 1385 hominum
361 1345 470 1406 genus,
489 1327 539 1406 qui
554 1323 710 1385 Monocoli
728 1344 887 1384 vocaren-

190 1418 254 1477 tur,
267 1406 382 1487 singulis
394 1405 542 1479 cruribus,
557 1406 636 1464 mirae
645 1406 822 1486 pernicitatis
839 1403 884 1464 ad

190 1483 317 1546 saltum:
345 1483 520 1567 eosdemque
557 1483 715 1566 Sciapodas
746 1482 854 1544 ¹vocari
868 1529 884 1557 ,

191 1565 273 1650 quod
287 1568 317 1625 in
337 1564 440 1647 majori
461 1565 530 1626 aestu
551 1566 631 1626 humi
649 1565 775 1645 iacentes
795 1564 883 1626 resu-

157 1703 159 1707 ,
191 1650 271 1729 pini,
281 1647 382 1706 umbra
394 1645 422 1707 se
435 1648 543 1726 pedurn
556 1665 640 1728 prore
661 1664 727 1706 ant:
740 1654 800 1704 no'n
811 1646 883 1706 lon·

191 1727 229 1807 ge
258 1746 310 1786 eos
328 1746 345 1785 a
365 1724 561 1808 Troglodytis
583 1667 683 1788 abeiie.
708 1723 882 1807 Rursusque

190 1806 228 1866 ab
248 1804 292 1864 his
310 1805 493 1866 occidentem
511 1809 633 1883 versus,
656 1804 797 1890 quosdam
808 1808 884 1870 sine

191 1887 308 1946 cervice
326 1886 430 1948 oculos
451 1889 480 1947 in
496 1886 624 1949 humeris
647 1888 796 1948 habentes.

232 1965 304 2028 Sunt
315 1968 348 2028 ὃ(
357 1965 454 2050 Satyri
463 1965 627 2029 Subsolanis
638 1968 780 2049 Indorurp
788 1989 879 2030 naon·

190 2047 268 2108 tibus
278 2046 557 2129 (Catharcludorurn
569 2049 673 2110 dicitur
682 2051 762 2129 regio
774 2048 786 2131 )
805 2070 878 2132 per·

191 2126 368 2189 nicissimum
393 2129 496 2189 animal
519 2133 612 2191 :curn
639 2130 876 2211 quadrupedes,

190 2222 252 2269 turn
262 2207 335 2269 redd
348 2228 512 2278 currentes,
525 2209 650 2270 humana
660 2209 772 2293 effigie,
783 2233 878 2293 prop-

190 2305 237 2352 ter
255 2289 461 2360 velocitatem,
479 2293 534 2350 nisi
548 2287 631 2353 senes
652 2309 701 2352 aut
714 2294 874 2373 aegri,non

190 2374 349 2455 capiuntur.
370 2369 642 2434 choromandarum
670 2387 788 2453 gentem
813 2393 877 2435 vo·

191 2468 238 2512 cat
255 2449 392 2528 Tauron,
402 2451 580 2529 silvestrem,
590 2454 652 2512 sine
661 2472 738 2512 voce
748 2495 758 2522 ‚
769 2450 874 2514 strido·

192 2534 231 2592 ris
241 2531 377 2592 horrendi
387 2578 396 2607 ‚
407 2534 486 2593 hirtis
497 2534 666 2616 corporibus
674 2577 686 2606 ,
693 2532 783 2594 oculis
791 2532 874 2615 glau·

189 2614 248 2685 cis,
268 2611 401 2672 dentibus
421 2616 537 2674 caninis.
566 2614 703 2676 Eudoxus
724 2614 754 2672 in
772 2617 870 2674 meri·

189 2693 281 2752 dianis
298 2692 400 2765 Indiae,
421 2696 490 2755 viris
507 2696 616 2774 plantas
635 2693 692 2755 effe
714 2694 869 2758 cubitales:

189 2771 305 2918 supinis
322 2773 396 2837 adeo
417 2795 520 2861 parvas
530 2821 541 2853 ‚
553 2774 806 2857 ut'Sttuthopodes
816 2796 874 2860 ap·

189 2874 228 2936 pe
250 2871 343 2925 entur.
