2014 3624
232 306 277 386 5²
328 287 363 358 C.
383 286 560 357 Ptrurr
584 285 774 356 ΝΛΜ.

229 409 288 469 asio
305 407 429 479 bibunt,
450 405 483 468 δι
497 404 536 466 ob
554 404 586 464 id
611 405 641 463 in
662 403 821 487 longinqua
832 400 918 487 'pdt'o

230 504 300 548 tant.
320 487 434 569 Recipit
454 506 569 545 amnem
590 485 790 566 Hedypnum‚
805 486 930 569 praeter'

228 567 354 649 Asylum
366 565 514 627 Persarum
525 569 712 639 venientem,
723 566 862 626 Adunatn
874 567 919 629 εὶ

190 700 195 709 ,
229 647 364 709 Susianis.
389 645 543 728 Oppidum
562 645 641 726 juxta
663 667 731 707 eum
746 645 918 728 Magoa,a
1003 684 1004 687 η

229 728 361 791 Charace
376 747 434 789 xv.
449 728 520 788 mill.
536 724 677 830 passuum.
700 725 832 866 (sumam
853 728 917 790 hoc

229 812 260 869 in
280 810 408 871 extremi
434 807 555 869 Susiana
575 823 688 893 ponunt
725 807 917 895 olitudinibus
1003 832 1004 837 ¹

229 893 405 974 proximum.
805 932 811 945 .
858 913 863 943 2

240 1004 247 1011 ·
271 971 348 1033 Infra
363 971 493 1033 Eulaeum
511 969 638 1052 Elymais
660 967 718 1042 est,
735 971 765 1029 in
778 969 829 1031 och
843 967 916 1050 jun-

228 1052 274 1114 &h
292 1052 421 1125 Persidi,
437 1075 455 1112 a
477 1051 595 1112 flunrine
622 1049 728 1112 Oroati
745 1051 782 1111 ad
801 1049 918 1113 Chara-
1003 1058 1004 1061 ’

228 1153 313 1206 cem,
331 1151 425 1195 ccxc.
448 1132 518 1193 mill.
542 1129 679 1212 pulsuum.
700 1129 916 1213 Oppidaejus,

228 1212 380 1289 Seleucia,
396 1216 429 1275 ὃ(
440 1212 584 1286 Sosirate,
602 1212 733 1294 adposita
748 1216 838 1273 monti
852 1211 918 1274 Ca-

228 1293 310 1375 syro.
325 1293 435 1368 oram,
446 1315 510 1376 quae
520 1291 671 1374 praejacet,
682 1295 827 1352 minorum
839 1291 913 1374 Syr·
1003 1300 1004 1333 s

228 1378 304 1435 tium
318 1379 384 1436 vice
401 1375 523 1433 dirritnus
541 1372 709 1433 inaccessam
728 1395 830 1447 coeno,
843 1375 916 1459 plu-

229 1456 339 1515 rimum
370 1456 431 1514 limi
453 1452 649 1515 deserentibus
672 1453 768 1515 Brixia
793 1455 825 1517 δι
850 1454 915 1515 Or·

230 1536 312 1598 tacea
329 1536 477 1609 amnibus:
489 1535 626 1603 madente
640 1535 672 1595 &
683 1534 746 1617 ipsi
755 1534 927 1616 Elymaide,

231 1620 263 1678 in
280 1635 408 1689 tanturn,
420 1635 452 1677 ut
463 1616 557 1676 nullus
568 1616 619 1688 sit,
633 1617 687 1675 nisi
697 1617 817 1675 circuitu
825 1615 913 1695 ejus,

230 1698 269 1758 ad
287 1697 433 1757 Persidem
449 1697 552 1757 aditus.
569 1695 720 1757 Infestatur
743 1698 776 1758 &
791 1695 918 1779 serpen·

230 1776 325 1847 tibus,
337 1797 411 1857 quos
427 1777 547 1836 flumina
566 1776 729 1858 deportant.
754 1777 820 1838 Pars
845 1776 911 1858 ejus

231 1859 357 1918 maxime
373 1859 460 1918 invia.
476 1855 641 1918 Characene
661 1875 784 1919 vocatur
798 1858 834 1918 ab
852 1863 872 1920 o

231 1938 324 2022 pido,
337 1938 452 1999 Arabiae
465 1938 616 2000 claudente
629 1959 735 2023 regna,
746 1939 782 1999 de
795 1882 912 2020 quoh-
1001 2016 1002 2019 Ἴ

231 2041 349 2095 cemus,
371 2020 502 2102 expositi
521 2023 599 2102 prihs
618 2019 665 2079 M.
684 2021 822 2161 Agrippae
846 2020 910 2082 sen·

230 2102 331 2161 tentih.
359 2100 493 2184 Namque
511 2103 535 2161 is
556 2100 685 2160 Mediam
706 2103 739 2162 δι
771 2098 910 2175 arthiaru,

231 2185 265 2244 ὃ(
282 2182 429 2243 Persidem
446 2182 482 2242 ab
493 2184 613 2243 'oriente
622 2180 716 2253 Indo,
726 2182 764 2241 ab
777 2182 910 2243 occiden·

229 2280 260 2325 te
278 2263 374 2346 Tigri,
386 2285 401 2322 a
418 2261 621 2345 septemtrione
632 2260 750 2334 Tauro,
761 2261 909 2338 Caucaso,

227 2368 252 2404 a
269 2345 388 2405 meridie
405 2344 505 2405 Rubio
525 2346 598 2403 mari
624 2343 790 2403 terminatas
807 2362 909 2425 patere

231 2427 262 2484 in
279 2425 487 2506 lonff'tudinem
494 2441 547 2493 m.
562 2441 618 2483 xx.
636 2423 706 2484 mill.
719 2423 785 2506 pass.
801 2425 910 2487 inlati·

232 2504 365 2563 tudinem
381 2522 520 2566 ncccxu.
563 2505 679 2566 rodidit.
700 2503 841 2566 Praeterea
855 2529 910 2588 per

232 2583 262 2644 se
278 2584 519 2664 Mesopotamiam
527 2527 564 2643 ah
576 2588 686 2645 oriente
697 2585 795 2668 Tigri,
810 2587 846 2647 ab
860 2610 911 2649 oc-

229 2663 295 2724 casu
314 2662 477 2743 Euphrate,
495 2686 512 2723 a
532 2663 737 2744 septemtrione
751 2665 875 2741 Tauro,
891 2691 924 2732 a,

229 2745 352 2805 meridie
371 2747 444 2803 mari
460 2744 576 2809 Persico
603 2745 758 2819 inclusam,
780 2748 911 2832 longitu-

229 2824 543 2907 dineoitingentorunr
555 2828 627 2891 mill.
647 2827 924 2915 passuumflatituad·

228 2907 297 2971 dine
316 2910 428 2980 cccix.
