2004 3628
199 268 587 341 Hrnnon.Lib.VlI.
664 293 730 366 ¹43

70 385 140 449 surim
159 386 235 450 Caro
255 388 296 449 ad
315 385 406 449 filium
426 388 463 450 de
483 388 586 451 validis
613 409 733 474 quoque

72 467 298 544 obstrvarionem,
317 487 348 529 ut
361 490 397 530 ex
406 470 526 530 oraculo
538 471 651 552 aliquo,
663 493 734 553 pro·

72 547 646 632 diderit,senilern'uventampraematurae
655 572 734 613 mor·

73 629 156 690 nesse
168 634 287 714 signum.
348 631 489 692 orborum
505 633 579 693 verb
599 648 656 692 mm
668 630 732 693 infr-

74 711 118 771 niu
133 709 169 772 est
181 711 365 785 multitudo,
383 728 416 770 ut
433 711 618 793 Pherecydes
631 710 732 795 Syrius

74 787 221 872 serpentium
246 791 438 855 multitudine
464 813 500 853 ex
515 813 572 853 *cor
593 814 645 855 ore
670 790 731 873 ejus

74 889 217 954 erumpente
233 872 288 934 exs
306 874 433 935 iraverit.
453 871 557 953 Quibu
570 874 636 935 dam
663 895 733 956 per-

74 969 143 1032 petua
157 952 241 1016 febris
258 896 304 1017 el
312 999 325 1031 ‚
342 955 415 1014 sicut
431 951 467 1014 C.
493 954 658 1017 Maecenati.
683 954 733 1017 Ei·

75 1031 590 1118 demtrienniosupremo,nulloh0rae
599 1056 735 1097 momen·

77 1127 103 1174 to
127 1116 235 1200 contigit
260 1115 393 1179 somnus.
422 1115 576 1197 Antipater
594 1114 732 1179 Sidonius
824 1168 840 1185 ,

76 1210 147 1273 poeta
160 1198 292 1260 omnibus
304 1199 407 1270 annis,
423 1217 483 1257 uno
498 1198 545 1257 die
561 1199 673 1257 tantum
683 1218 736 1257 na·

77 1275 133 1348 nli,
148 1279 354 1361 corripiebatur
369 1276 469 1347 febre,
490 1278 523 1340 &
540 1297 578 1339 eo
602 1274 737 1339 consum·

77 1371 130 1435 ptus
145 1356 181 1419 est
199 1358 261 1421 satis
282 1358 374 1442 longi
389 1356 510 1419 senellri.
526 1386 531 1397 r

109 1435 174 1499 Llll.
190 1460 235 1520 52.
247 1441 359 1503 Aviola
366 1438 521 1499 consularis
530 1439 559 1499 in
571 1458 645 1520 rogo
658 1439 736 1500 revi-

78 1516 128 1579 xit:
144 1520 173 1584 δι
191 1524 329 1604 quoniam
357 1518 501 1582 subveniri
522 1539 582 1579 non
605 1534 737 1599 potuerat

78 1601 228 1738 §revellente
245 1601 381 1673 flammi,
400 1601 487 1661 vivus
514 1616 657 1660 crematus
685 1597 737 1660 est.

96 1678 165 1741 imilis
181 1682 259 1751 causa
279 1687 311 1746 in
332 1682 366 1744 ln
387 1680 487 1743 Lamia
505 1683 643 1762 praetorio
671 1681 738 1743 viro

79 1760 187 1824 traditur.
204 1764 282 1826 Nam
301 1762 457 1833 QAElium
466 1760 656 1825 Tuberonem
665 1782 736 1843 pree·

81 1840 132 1900 turi
142 1841 262 1907 sinuum
273 1866 374 1929 erogo
395 1845 517 1907 relatum
528 1889 537 1914 ,
549 1841 667 1903 Messala
675 1841 738 1903 Ru·

81 1916 133 1996 fus,
150 1924 325 2010 &plerique
346 1925 472 1986 tradunt.
495 1924 569 1984 Haec
591 1921 632 1983 est
643 1922 740 1983 condi·

81 2001 115 2060 rio
131 2008 304 2069 mortalium:
320 2007 358 2069 ad
377 2007 448 2078 has,
467 2005 499 2066 ὃ(
518 2001 658 2083 ejusmodi
687 2024 739 2064 oc·

80 2083 194 2146 enimes
211 2087 335 2150 fortunae
355 2088 513 2170 gignimur,
524 2086 567 2145 uti
587 2084 625 2145 de
641 2085 739 2145 honri·

82 2181 113 2221 ue
130 2185 163 2225 ne
177 2172 262 2230 morri
276 2170 395 2252 quidem
414 2167 519 2228 debeat
537 2166 625 2227 credi.
642 2165 741 2245 Repe·

81 2243 156 2306 rimus
165 2247 236 2310 inter
251 2250 399 2332 exempla,
412 2248 578 2309 Hermorini
587 2244 741 2308 Clazome-

83 2324 116 2382 ¹¹ll
130 2327 245 2391 animam
253 2329 351 2392 relillo
366 2350 490 2410 corpore
502 2347 598 2407 errare
611 2325 740 2403 solitam,

83 2422 227 2491 vagamque
241 2431 257 2472 e
272 2411 432 2494 longinquo
449 2410 539 2469 multa
557 2409 741 2482 annuntiare.

84 2504 138 2565 quae
146 2491 195 2550 nisi
205 2511 221 2550 a
230 2491 367 2588 prasente
376 2488 455 2549 nosci
464 2510 523 2549 non
536 2486 664 2570 pollent,
675 2510 741 2550 cor·

84 2583 144 2643 pore
160 2570 270 2633 interum
293 2570 472 2634 semianimi:
494 2570 588 2631 donec
611 2587 742 2632 cremato

83 2663 116 2705 eo
130 2649 230 2713 inimici
244 2651 315 2735 (qui
336 2650 520 2714 Cantharidae
538 2647 742 2730 vocabantur)

84 2733 209 2792 remeanti
219 2735 317 2795 animae
328 2734 412 2795 velut
423 2734 555 2816 vaginam
564 2731 743 2793 ademerint.

83 2802 192 2875 Aristeae
211 2815 297 2878 etiam
313 2812 405 2881 uisam
422 2814 587 2879 evolantem
601 2832 639 2876 ex
647 2828 700 2881 qre
711 2810 744 2871 ’ω
