1978 3610
185 322 191 331 ‚
251 240 645 317 H1sron.Lib.XL
692 232 767 335 '40¹³

60 357 164 437 timu..
180 360 295 425 Coitus
316 360 506 437 locustarum,
528 366 577 445 qui
594 365 627 426 δι
643 361 772 424 insetio·

61 465 136 507 rum
148 446 295 505 omnnium
305 465 368 525 quae
378 462 506 516 coeunt,
516 464 626 504 marem
634 463 771 524 portante

62 514 187 595 femini
197 569 212 597 ,
230 527 260 585 iu
282 544 349 586 eum
362 523 533 585 feminarum
550 523 650 584 ultimo
666 524 767 586 cauda

62 605 217 681 aeflexo,
239 604 380 686 tardoque
399 603 531 686 digressu.
561 602 693 666 Minores
714 626 769 666 au-

63 700 133 755 tem
154 689 191 745 in
212 689 295 746 omni
311 686 369 746 hoc
390 705 494 767 genere
510 683 623 745 feminis
643 705 771 765 marem,

73 827 79 838 ,
108 765 269 827 XXXVI.
290 786 337 848 30.
357 765 483 826 Plurima
507 763 677 827 infestorum
699 775 769 828 veri

64 847 225 918 miculum
241 849 370 929 gignunt.
391 845 468 907 Nam
487 847 519 908 &
537 844 668 908 formicae
688 847 769 907 simi·

67 924 132 997 lem
151 930 229 988 ovis
246 946 338 989 vere:
356 928 388 990 &
404 927 449 987 hae
464 930 710 989 communicantes
728 929 770 988 la·

66 1006 206 1080 horem:
224 1006 274 1067 sed
289 1028 357 1088 apes
375 1008 458 1068 utiles
479 1006 586 1069 faciunt
607 1009 708 1084 cibos,
721 1008 769 1070 hae

68 1089 225 1159 condunt
247 1085 294 1149 Ac
311 1092 341 1148 si.
375 1091 417 1148 uis
437 1092 585 1168 comparet
601 1109 690 1149 oueta
705 1111 769 1150 cor·

68 1168 204 1250 poribus
229 1110 475 1238 ammineum
485 1167 569 1229 nullis
578 1170 714 1248 portione
725 1170 770 1229 vi·

68 1268 119 1308 res
139 1248 205 1312 effe
231 1248 370 1331 majores.
392 1245 506 1310 Gerunt
523 1269 558 1308 ea
576 1246 681 1307 morsu.
703 1246 771 1309 Ma·

71 1325 139 1407 jora
158 1330 276 1392 aversa
294 1327 447 1411 postremis
458 1328 580 1409 pedihus
590 1329 770 1401 moliuntur,

71 1408 211 1472 humeris
233 1410 359 1471 ohnixae.
395 1408 431 1469 Et
452 1412 487 1470 iis
505 1409 670 1490 reipublicae
679 1409 772 1480 ratio.

73 1485 246 1565 memoria,
260 1511 339 1551 cura.
362 1488 478 1550 Semina
496 1487 596 1550 adrosa
614 1489 745 1550 tondunt
756 1520 772 1565 ,·

73 1590 113 1643 ne
131 1571 235 1635 rursus
253 1572 282 1631 in
300 1570 344 1633 fru
366 1591 396 1631 es
413 1586 515 1629 exeant
531 1590 547 1630 e
565 1571 652 1629 terrai.
671 1565 770 1648 Majo-

73 1669 108 1711 ta
122 1653 164 1713 ad
177 1654 332 1714 introitum
341 1590 483 1712 iividunt.
501 1648 663 1720 Madefatia
674 1649 770 1711 imbre

76 1728 237 1810 proferunt
255 1750 341 1814 atque
354 1734 469 1793 siccant.
489 1729 657 1813 Operaotur
668 1731 700 1792 &
710 1751 769 1792 no·

75 1809 124 1884 (iu
140 1812 237 1896 pleni
248 1812 346 1875 Luni:
358 1811 478 1875 Eaedem
487 1810 640 1873 interlunio
651 1809 769 1873 ceffant.

77 1890 143 1955 Jam
162 1897 306 1974 inopere
325 1894 374 1974 qui
392 1892 497 1953 labor?
518 1913 582 1974 quae
609 1890 769 1954 sedulitas?

77 1967 116 2034 Et
136 1976 281 2056 quoniam
297 1994 333 2035 ex
352 1971 469 2037 diverso
490 1973 658 2034 convehunt
680 1972 773 2037 altera

79 2053 201 2118 alterius
216 2059 327 2137 ignara,
337 2057 408 2116 certi
416 2055 478 2116 dies
490 2054 527 2114 ad
536 2055 768 2140 recognitionem

80 2152 217 2201 mutuam
228 2136 361 2197 nundinis
373 2136 485 2196 dantur.
496 2134 575 2214 Quae
585 2153 654 2196 tunc
667 2155 767 2196 earum

81 2215 283 2278 concursatio?
295 2215 381 2298 quim
388 2217 510 2297 diligens
518 2236 585 2276 cum
593 2216 688 2276 obviis
694 2234 769 2294 qum·

83 2289 151 2367 dam
162 2298 324 2361 collocutio
335 2316 421 2378 atque
430 2294 624 2377 percontatio
635 2293 650 2354 ξ’
664 2291 768 2357 Silices

82 2375 191 2447 itinere
211 2399 309 2439 earum
321 2378 440 2441 adtritos
449 2376 601 2447 videmus,
614 2375 646 2435 &
656 2375 768 2456 inope-

82 2476 115 2532 ξε
135 2458 268 2535 semitam
288 2456 412 2530 fatiam,
429 2477 466 2517 ne
483 2456 547 2538 quis
564 2454 766 2544 dubitegqua·

7 2548 8 2555 ’
84 2535 156 2601 libet
177 2542 208 2600 in
223 2561 255 2600 re
270 2539 340 2621 quid
350 2538 443 2622 possit
456 2536 711 2620 quantulacumque
722 2558 772 2599 ase

84 2620 215 2685 siduitas.
235 2618 384 2702 Sepeliunt
402 2622 477 2681 inter
498 2616 527 2680 se
545 2620 707 2680 viventium
719 2615 766 2675 so·

85 2696 138 2800 13,
158 2716 263 2784 pcaeter
281 2702 441 2768 homiuem.
466 2699 538 2767 Non
555 2697 619 2764 sunt
638 2700 670 2761 in
695 2693 771 2768 Sinis
796 2736 800 2743 -

85 2776 124 2845 lta
142 2799 285 2866 pennatae·
