2004 3628
228 296 430 377 Hannon.
451 305 524 378 Lib.
545 305 638 380 VIII.
691 304 759 407 '165

74 413 160 504 {guid
170 418 267 482 deinde
278 423 313 482 iis
329 421 434 484 fadum
451 427 508 501 sit,
526 428 655 488 nudiores
666 428 760 510 explia

75 518 176 575 cant,
194 505 321 585 quinon
341 521 441 586 putant
460 504 636 568 interfedos.

123 581 191 643 Vll.
201 604 229 662 7.
244 582 333 645 Clara
347 583 389 645 est
400 588 483 645 unius
494 607 510 646 e
522 585 662 649 Romanis
672 588 759 649 dimi-3

76 664 164 725 catio
180 665 315 727 adverslts
337 664 619 746 elephantum‚cbm
632 668 757 731 Annibal

74 765 113 804 ca
140 745 212 806 rivos
232 743 348 805 nostros
366 746 505 807 dimicare
523 748 597 808 inter
616 746 672 808 sese
688 770 759 810 coe·

76 766 174 916 gibet.
195 825 329 907 Namque
348 847 438 887 unum
460 829 507 909 qui
524 825 690 909 supererat,
705 831 758 891 oba

72 908 154 987 Jecit
172 906 344 989 elephanto:
362 909 396 969 ὃ(
414 907 487 981 ille,
509 908 614 969 dimitti
637 908 758 991 padus,

76 987 104 1046 si
127 984 330 1060 interemisset,
346 986 421 1049 solus
431 992 461 1049 in
473 989 558 1050 menti
574 986 756 1073 tongrellus,

74 1076 186 1150 magno
202 1067 360 1129 Poenorum
374 1068 492 1142 dolore,
511 1069 646 1133 confecit.
666 1071 760 1132 Anni·

73 1146 126 1208 bal
137 1191 149 1221 ,
170 1150 235 1209 tbm
259 1147 366 1209 famam
384 1148 447 1230 ejus
468 1149 659 1212 dimicationis
683 1173 758 1212 con·

75 1243 221 1310 temptum
246 1229 394 1290 allaturam
421 1229 526 1290 belluis
555 1232 758 1313 intelligeret,

50 1324 54 1334 ·
74 1311 191 1390 equites
206 1311 360 1392 misit‚qui
377 1311 530 1370 abeuntem
549 1310 757 1374 interficerent.

74 1386 285 1452 Proboscidem
307 1411 408 1452 eorum
433 1390 568 1452 facillime
593 1395 755 1475 amputari,

75 1469 183 1552 Pyrrhi
214 1471 386 1553 proeliorum
414 1490 449 1531 ex
472 1474 616 1533 erimentis
655 1475 757 1553 patuit.

73 1547 182 1611 Romae
200 1549 335 1634 pugnalle
355 1552 434 1613 Fene
460 1551 515 1612 ella
530 1554 616 1612 tradit
633 1554 758 1633 primum

74 1635 209 1693 omnium
228 1635 258 1691 in
279 1629 390 1703 Circo,
415 1629 531 1693 Claudii
550 1630 645 1693 Pulcri
664 1632 755 1692 aedili·

73 1712 133 1773 'tate
160 1713 275 1786 curuli,
302 1712 348 1774 M.
372 1711 528 1787 Antonio,
547 1711 586 1774 A.
608 1710 757 1773 Postumio

75 1792 235 1868 collatino
248 1792 337 1854 Urbis
349 1793 558 1855 sexcentesimo
578 1797 646 1877 quin
669 1804 758 1877 uagei

73 1876 149 1935 simo
171 1877 288 1958 quinto.
305 1872 379 1934 Item
393 1874 456 1956 post
468 1896 559 1936 annos
575 1892 634 1938 xx.
648 1816 757 1935 lucul-

73 1952 170 2016 lorum
200 1954 335 2016 aedilitate
361 1956 451 2016 curuli
477 1955 616 2016 adversius
648 1960 756 2017 tauros.

73 2032 207 2118 Pompeii
223 2057 282 2119 quo
304 2057 340 2096 ue
355 2036 447 2096 altero
462 2033 629 2110 consulatu,
643 2034 759 2095 dedica·

71 2118 153 2179 tione
173 2057 412 2198 templib'enetis
420 2115 571 2189 victricis,
589 2136 755 2198 pugnavere

72 2197 103 2257 in
114 2195 209 2260 Circo
224 2198 343 2279 viginti,
363 2215 429 2270 aut,
440 2214 473 2258 ut
490 2197 607 2279 quidam
618 2198 734 2258 tradunt
745 2241 757 2275 ,

72 2294 156 2342 xvtt.
180 2275 308 2340 Gaetulis
334 2299 370 2338 ex
395 2276 516 2341 adverso
540 2276 755 2358 jaculantibus,

74 2360 198 2421 mirabili
224 2361 307 2419 unius
328 2358 542 2430 dimicatione,
567 2360 616 2438 qui
635 2356 755 2439 pedibus

73 2439 222 2503 confossis
242 2441 331 2530 repsit
343 2441 463 2522 genibus
486 2441 516 2497 in
537 2449 683 2510 catervas,
703 2437 756 2499 ab·

73 2540 104 2579 te
125 2539 154 2581 ta
174 2522 259 2583 scuta
275 2522 382 2601 jaciens
403 2522 433 2579 in
461 2516 601 2593 sublime,
621 2540 684 2603 quae
701 2520 755 2580 de·

73 2543 198 2663 cidentia
224 2602 368 2683 voluptati
395 2598 584 2683 spedantibus
613 2617 694 2660 erant
724 2602 756 2661 itt

73 2681 177 2743 orbem
195 2681 385 2755 circumacta,
402 2681 482 2742 velut
491 2698 568 2754 arte,
585 2682 644 2742 non
655 2680 756 2740 furore

75 2759 177 2825 belluae
211 2760 456 2844 jacerentur.Ma
494 2760 596 2823 unt&
611 2764 641 2821 in
662 2759 755 2820 altero

72 2843 251 2913 miraculum
271 2842 348 2921 fuit,
367 2862 426 2906 uno
448 2783 503 2907 illu
528 2840 634 2915 occiso.
661 2839 757 2901 Pilum
