2014 3624
105 2322 107 2327 ,
233 2258 328 2332 abesse
341 2261 517 2342 compendio
530 2263 666 2321 itinerum
678 2260 765 2340 aliqui
777 2261 908 2329 tradunt.

104 2712 109 2719 .
230 2664 382 2733 interduo
399 2665 517 2724 flumina
530 2661 632 2746 Tigrin
649 2665 681 2726 ὃ(
695 2662 918 2733 Tornadotum.

238 276 284 382 5'0
334 282 370 352 C.
396 279 570 351 Prrrrrr
588 281 780 353 NATUR.

231 420 399 465 remeavere
431 421 537 482 aqua,
565 397 651 460 Pasiti
672 401 710 471 ris
745 398 924 480 appellaturi
1004 396 1005 481 l

231 480 336 544 Postea
349 483 452 562 recipit
465 502 502 542 ex
516 480 618 541 Medii
633 420 816 562 Choaspern:
828 499 924 563 atque
1004 488 1005 543 l

231 561 286 644 (ut
310 562 460 703 diximusg
481 564 557 633 inter
579 559 742 642 Seleuciam
763 562 795 624 δι
816 561 924 623 Ctesi·
1004 546 1005 579 ¹

254 644 376 704 hontem
394 664 433 705 ve
461 663 514 714 us,
530 644 560 702 in
580 643 657 703 lacus
685 639 859 703 Chaldaicos
887 641 923 705 se
1004 708 1005 715 χ

231 666 347 798 lundis,
368 721 750 806 eosquenx11.mill.paff.
779 742 827 783 am
848 723 924 783 litu-
1004 730 1005 795 ᾗ

232 805 301 869 dine
316 808 356 866 irn
378 805 437 865 let:
459 825 528 864 mox
550 802 633 865 vasto
654 803 742 863 alveo
764 744 923 885 proilisuS,
1004 800 1005 865 l

232 886 336 951 dextri
351 827 487 948 dharacis
505 885 609 967 oppidi
627 881 747 944 insertur
767 885 837 944 mari
847 883 922 959 Per·
1004 888 1005 943 l

231 971 294 1030 sico
313 984 346 1027 x.
367 966 439 1029 mill.
455 964 584 1047 passuum
601 985 664 1027 ore.
690 963 771 1025 Inter
789 965 924 1035 duorum

231 1050 362 1115 amnium
380 1045 452 1113 ostia
470 1063 553 1109 xxv.
573 1046 644 1108 mitt
665 1044 793 1126 passuum
811 1044 923 1120 fuere,

232 1147 283 1190 aut
297 1126 351 1210 (ut
364 1128 412 1188 alii
427 1126 563 1210 tradunt)
582 1147 641 1189 vn.
653 1126 726 1188 mill.
739 1144 862 1208 utroque
870 1148 922 1187 na·

231 1209 357 1292 rigabit.
377 1208 436 1269 Sed
464 1209 554 1290 longo
576 1225 711 1290 tempore
739 1206 924 1288 Euphratemj

232 1289 403 1373 praeclusere
421 1288 575 1362 Orcheni,
594 1288 753 1352 &accolae
774 1308 856 1370 agros
874 1290 922 1361 ri-a

232 1387 350 1454 gantes:
365 1391 418 1430 nec
437 1371 490 1429 nisi
511 1371 639 1451 Pasitigri
649 1368 775 1430 defertur
786 1371 817 1428 in
826 1389 921 1439 mare,

167 1459 169 1463 ’
273 1451 407 1512 Proxima
424 1448 507 1534 Tigri
533 1452 616 1532 regio
640 1448 710 1511 Para
731 1451 837 1511 orantia
864 1471 920 1531 ap-

233 1532 366 1617 pellatur.
381 1531 461 1594 lneit
480 1529 586 1593 diuum
604 1529 647 1592 est
657 1531 694 1592 de
742 1529 835 1593 esene.
849 1529 918 1614 Op·

232 1616 335 1700 pidum
355 1612 418 1693 ejus
434 1611 582 1677 Dibitach.
601 1613 730 1695 Jungitur
753 1609 922 1685 Chalonitis

234 1717 302 1758 cum
324 1693 542 1774 Ctesiphonte,
567 1716 627 1755 non
647 1695 779 1776 palmetis
805 1695 918 1771 modo,

234 1776 339 1839 verirm
361 1776 394 1835 δι
414 1775 494 1846 oleri,
510 1773 677 1858 pomisque,
696 1774 812 1858 aliisque
830 1775 919 1838 arbu-

234 1854 286 1917 stis
296 1854 413 1916 nobilis.
427 1853 477 1917 Ad
492 1876 557 1916 eam
572 1858 703 1935 pervenit
712 1855 819 1937 Zagrus
829 1875 924 1925 mons,

226 1956 273 1998 ex
289 1934 429 1998 Armenii
448 1937 523 1997 inter
544 1935 669 2009 Medos,
688 1935 923 2019 Adiabenosque

233 2020 375 2088 veniens,
391 2015 474 2099 supra
487 2017 746 2089 Paraetacenen,&
755 2016 918 2083 Persidem.

237 2095 640 2181 ChalonitisabestaPerside
662 2114 826 2159 ccccxxx.
842 2100 923 2171 milh

233 2176 920 2263 passuumTanthmaCaspiomari&Allyrianr

274 2340 353 2405 Inter
363 2342 414 2402 has
424 2358 525 2425 gentes
537 2358 622 2422 atque
634 2339 775 2402 Mesenen
793 2339 918 2403 Sittace-

233 2441 272 2483 ne
281 2421 342 2494 est,
352 2423 455 2484 eadem
462 2421 618 2496 Arbelitis,
633 2423 665 2484 δι
673 2420 819 2482 Palaestine
830 2422 917 2491 ditia.

233 2500 388 2584 Oppidum
404 2500 466 2584 ejus
483 2501 589 2572 Sittace
606 2501 777 2565 Graecorunr
794 2503 831 2563 ab
846 2523 923 2573 ortu,

232 2582 290 2657 est,
301 2585 334 2645 &
343 2582 458 2644 Sabata:
471 2585 508 2643 ab
521 2582 622 2645 occasu
631 2601 728 2644 autem
737 2582 919 2662 Antiochia,

231 2740 307 2812 lieni
316 2742 458 2825 Apamia,
468 2745 514 2809 cui
526 2765 633 2807 nomen
642 2744 803 2807 Antiochus
814 2750 918 2810 matris

231 2823 289 2887 suae
302 2823 459 2906 imposuit,
472 2823 569 2910 Tigris
583 2825 828 2895 circumfunditur·
839 2826 921 2905 Haeq

154 2989 156 2994 ¹
232 2907 371 2979 dividitur
385 2905 520 2977 Archoo.
610 2963 613 2969 .
867 2972 875 2980 .
908 2910 926 2921 ''
