2012 3596
227 258 301 355 42'0
349 230 787 332 &PtrnrtNAr'un

224 385 284 444 niti.
310 378 351 442 At
375 380 468 440 canini
488 379 585 438 amissi
604 375 670 438 casu
689 378 802 461 aliquo,
827 397 923 442 nunt·

140 472 142 479 ’
225 482 311 546 quarn
327 458 522 521 renascuntur.
546 456 664 519 Ceteris
679 457 790 521 senens
808 458 922 522 rubess

226 558 346 616 cunt‚e
368 562 407 601 uo
427 542 536 600 tantum
553 539 736 601 candidiores
745 538 826 600 fiunt.

264 621 319 683 LX
365 619 471 683 .AEtas
490 622 689 680 veterinorum
707 620 845 681 dentibus
868 622 921 680 in-

225 703 345 764 dicatur.
367 701 452 782 Equo
464 698 526 760 sunt
535 721 656 761 numero
668 718 718 760 xu.
729 699 849 761 Amittit
861 703 918 760 tri«

224 786 339 846 cesimo
358 780 456 842 mense
473 783 615 862 primores
637 783 781 861 utrimque
799 779 920 841 binost

223 862 355 946 sequenti
364 882 442 923 anno
449 861 572 920 totidem
581 862 820 942 proximos‚cl1rn
838 859 917 920 sub-

224 942 371 1006 eunt¹didli
386 941 596 1002 columellares.
616 938 734 1081 <primo
750 961 824 1001 anno
835 943 918 1001 inci·

224 1028 321 1108 piente
331 1023 414 1083 binos
425 1024 550 1093 amittit,
566 1024 615 1103 qui
643 1040 711 1082 exto
726 1042 801 1081 anno
811 1020 914 1086 renas·

223 1122 337 1169 cuntur.
358 1101 490 1185 Septimo
505 1124 608 1163 omnes
623 1102 709 1163 habet
723 1103 757 1163 dt
771 1114 912 1176 renatos,'

223 1187 258 1250 ἂ
284 1185 489 1246 immutabiles.
509 1183 597 1266 Equo
611 1181 910 1264 castratoptibs,non

221 1265 362 1327 decidunt
382 1266 494 1325 dentes.
515 1263 675 1325 Asinorum
694 1283 784 1344 gertus
801 1265 916 1324 tricem

148 1346 152 1347 ⁷
224 1367 276 1408 mo
293 1344 393 1406 mense
412 1344 542 1407 similiter
556 1346 676 1416 amittit,
697 1342 803 1403 deinde
830 1341 915 1404 fenis

225 1426 383 1489 menibus.
412 1423 508 1505 Quod
522 1426 546 1484 si
560 1445 621 1485 non
647 1425 724 1506 prius
744 1443 912 1505 peperere,

230 1516 235 1525 '
266 1506 313 1568 lm
329 1505 465 1568 decidam
485 1503 642 1588 postremi,
665 1503 795 1565 sterilitas
818 1521 911 1566 certa.

250 1607 323 1651 oves
337 1587 410 1647 birni
425 1603 547 1647 mutant.
567 1584 672 1646 Suibus
682 1584 820 1645 decidunt
828 1606 911 1646 nurn-

265 1690 321 1728 ant.
339 1665 502 1750 Absumpti
518 1667 572 1726 hac
591 1663 808 1736 observatione,
826 1664 911 1727 sene·

223 1690 284 1811 dds
313 1751 347 1809 in
367 1751 467 1830 equis,
484 1749 516 1810 ὃ(
534 1748 638 1808 ceteris
649 1748 808 1818 veterinis,
820 1747 910 1807 intel·-

222 1826 319 1913 ligitur
336 1830 466 1891 dentium
485 1828 665 1900 brochitate,
685 1825 909 1909 superciliorum

222 1913 344 1986 canitie,
360 1913 392 1973 dt
409 1911 536 1971 circaea
550 1909 680 1983 lacunis,
699 1911 767 1969 cum
783 1906 847 1968 fere
859 1907 910 1969 se·

221 1992 318 2053 decim
339 2011 484 2052 annorum
509 1987 715 2051 existimantur.
742 1987 911 2051 Hominum

221 2069 354 2131 dentibus
371 2071 521 2151 quoddam
533 2068 605 2130 inest
619 2072 711 2131 virus.
722 2067 754 2129 Ν
823 2090 862 2129 ue
874 2068 910 2132 δὲ

220 2149 328 2235 speculi
350 2151 476 2211 nitorem
497 2171 534 2212 ex
552 2148 672 2211 adverso
689 2148 789 2210 nudati
836 2149 912 2219 ὡς,

221 2249 284 2296 tant
293 2277 305 2306 ,
324 2232 361 2293 δι·
375 2231 577 2293 columbarum
594 2229 669 2291 fetus
686 2230 843 2310 implumes
858 2251 912 2292 ne·

222 2330 298 2375 tunt.
315 2311 439 2395 Reliqua
456 2312 492 2372 de
512 2315 547 2372 iis
563 2313 592 2371 in
609 2312 797 2393 generatione
810 2311 910 2372 homi·

219 2414 291 2455 num
302 2393 376 2455 ditia
393 2393 465 2454 sunt.
478 2391 719 2474 Erumpentibus,
731 2391 830 2451 morbi
844 2414 912 2454 cor·

241 2494 291 2535 ors
317 2473 469 2535 infantium
486 2475 638 2554 accipiunt.
657 2472 786 2554 Reliqua
801 2475 913 2535 animn-
987 2524 988 2527 ,

219 2496 276 2628 lia,
289 2574 354 2636 quae
371 2553 492 2617 serratos
508 2554 634 2628 habent,
653 2551 812 2615 sevissima
832 2554 912 2615 den·

222 2635 332 2700 ribus*
517 2684 519 2689 .
644 2660 648 2665 ·

259 2713 352 2779 LXV.
365 2713 483 2804 binguae
496 2736 556 2776 non
567 2713 703 2775 omnibus
715 2713 825 2783 eodem
841 2727 914 2779 mos·

218 2796 269 2860 do.
288 2794 472 2861 Tenuissima
490 2795 667 2878 serpentibus
680 2793 914 2870 &trisulcam-
