1966 3618
245 250 319 329 *2⁸80
368 238 612 324 &Primi
638 253 830 326 Narvn.

244 396 323 457 purae
336 360 372 433 sit
387 371 501 433 insania‘
513 370 571 434 Sed
587 371 664 435 uncle
687 375 852 458 conchyliis
862 393 923 457 pre·

245 458 284 516 tia
301 478 308 516 :
325 457 408 536 queis
427 456 506 514 virus
521 475 609 537 grave
625 456 655 513 in
673 453 764 531 fuco,
781 459 864 517 color
878 478 923 517 au·

244 533 334 596 iler'us
353 538 384 595 in
402 535 522 617 glauco,
540 534 715 596 &irascenti
723 537 822 596 similis
834 535 922 596 mari?

284 614 395 698 Lingua
402 636 536 697 purpurae
548 616 729 696 longitudine
736 618 855 699 digitali,
866 615 921 699 qud

169 731 170 734 ¹
244 696 369 778 pascitur
377 694 552 777 perforando
563 697 672 778 reliqua
678 698 850 778 conchylia:
864 715 921 757 tam

244 796 276 838 ta
291 778 395 839 duritia
410 777 512 837 aculeo
534 775 585 837 est.
603 776 699 857 Aquae
712 778 860 838 dulcedine
870 797 920 837 ne·

246 876 357 931 cantur,
369 859 501 920 &sicubi
516 858 624 917 flumen
639 859 832 940 immergitur:
848 858 918 919 alio·

245 941 295 1022 qui
307 955 414 1019 captae,
427 938 529 999 diebus
540 941 745 1020 quinquagenis
754 940 868 1009 vivunt,
880 935 918 997 sa·

245 1021 305 1081 live
322 1019 379 1079 sua.
400 1016 530 1080 Conchae
552 1038 655 1079 omnes
675 1019 821 1081 celerrime
843 1016 916 1079 cres-

247 1101 486 1182 cunt,praecipue
495 1120 648 1182 purpurae:
663 1121 740 1161 anno
750 1099 917 1184 magnitudi-

246 1203 317 1243 nem
335 1181 466 1263 implent.

288 1261 366 1322 LXI.
384 1261 478 1341 Quod
499 1263 524 1320 si
540 1260 675 1323 haelenus
694 1261 858 1324 transcurrat
868 1281 914 1322 ex·

248 1345 371 1426 positio,
387 1341 546 1402 fraudatam
557 1343 687 1423 profeclb
699 1342 729 1405 se
740 1345 844 1406 luxuria
855 1362 914 1403 cre·

247 1425 316 1498 dat,
334 1421 444 1505 nosque
458 1422 644 1506 indiligentia
663 1424 789 1501 damnet.
808 1423 913 1504 Quam·

247 1505 351 1567 obrem
373 1500 578 1585 persequemur
602 1507 690 1565 etiarn
716 1504 863 1583 officinas:
884 1518 914 1564 ut

246 1602 394 1666 tamquam
406 1586 436 1645 in
448 1584 509 1659 viti
518 1585 631 1667 frugum
643 1584 772 1649 noscitur
783 1588 864 1661 ratio,
875 1585 913 1644 sie

249 1688 376 1737 omnes,
397 1669 446 1749 qui
466 1664 524 1725 istis
545 1667 692 1748 gaudent,
718 1670 832 1749 praemia
849 1667 912 1728 vitae

247 1745 303 1807 suae
321 1747 450 1807 calleant.
471 1743 658 1808 Concharum
673 1748 710 1808 ad
730 1767 860 1830 purpuras
883 1746 912 1806 δι

247 1828 404 1909 conchylia
415 1826 540 1910 (eadem
558 1830 636 1889 enim
655 1827 700 1901 ,est
718 1832 853 1902 materia,
866 1823 912 1887 sed

248 1907 332 1989 distat
354 1909 618 1991 temperamento)
639 1909 700 1970 duo
726 1909 791 1971 sunt
811 1925 912 1992 genera.

246 1988 405 2053 Buccinum
417 1992 512 2050 minor
522 1991 648 2065 concha,
659 1991 695 2051 ad
710 1990 911 2063 similitudinem

247 2067 309 2145 ejus
333 2070 390 2149 qud
408 2071 522 2130 buccini
548 2070 633 2130 sonus
655 2072 774 2134 editur:
794 2067 910 2132 unde&

246 2146 329 2207 causa
348 2152 475 2223 nomini,
499 2152 675 2212 rotunditate
695 2155 755 2231 oris
772 2155 801 2212 in
819 2148 912 2230 margi·

246 2249 286 2290 ne
295 2229 393 2291 incisi,
407 2230 540 2292 Alterum
549 2253 674 2314 purpura
685 2248 822 2306 vocatur,
839 2229 910 2305 cuni·

247 2313 364 2372 culatim
383 2329 571 2394 procurrente
588 2311 698 2389 rostro,
709 2315 742 2377 δι
753 2309 866 2374 cuniculi
876 2310 910 2369 la·

242 2393 309 2452 'tere
325 2386 460 2454 introrsus
473 2394 603 2455 tubulato
614 2440 624 2465 ‚
634 2394 691 2478 qud
708 2389 909 2477 proferaturlin·
967 2442 968 2463 p

241 2478 313 2553 gua.
334 2473 475 2534 Praeterea
500 2475 644 2536 clavatum
666 2473 707 2535 est
726 2476 763 2535 ad
781 2474 909 2535 turbinem

247 2549 354 2637 usque,
370 2555 474 2616 aculeis
488 2557 518 2614 in
527 2557 634 2617 orbem
642 2554 768 2637 septenis
781 2554 855 2624 fere,
865 2570 908 2632 qut

248 2651 309 2692 non
324 2629 386 2692 sunt
398 2633 520 2696 buccino
533 2657 541 2696 t
560 2635 609 2696 sed
626 2635 752 2718 utrisque
764 2637 844 2697 orbes
857 2646 907 2690 tot·

242 2712 357 2786 idem,
381 2732 453 2793 quot
485 2716 608 2778 habe'ant
637 2738 738 2779 annos.
767 2716 906 2777 Buccinum

243 2794 363 2952 ponnisi
378 2790 467 2878 petris
484 2798 778 2883 adiciendumque
790 2792 906 2877 scopulul

262 2891 364 2961 egitutg
