2004 3628
239 285 451 357 H'rsrore.
473 283 547 356 Lib.
566 282 644 358 Vll.
700 302 768 379 109

89 406 308 490 'amplitudinem
331 398 448 466 annales
472 424 532 464 non
559 405 682 502 tradunt.
708 403 768 467 sed

92 485 768 650 {¹32ss,llllgl⁰¹v¹32¹2sllsslzffltztfflll

94 670 176 710 mum
195 649 340 708 hominum
354 666 423 708 aetas
440 645 536 706 nostra
553 646 623 709 divo
641 644 766 710 Claudio

93 727 769 889 Elllm‘illssllelffllmlrnlll

95 890 203 950 ciarum
227 890 306 951 vidit.
337 889 429 950 Fuere
463 885 512 947 sub
541 889 613 950 divo
637 888 770 973 Augusto

95 968 239 1051 semipede
268 970 389 1044 addito,
418 989 541 1052 quorum
560 990 685 1051 corpora
705 968 767 1050 ejus

96 1050 219 1111 miraculi
236 1051 343 1134 gratia,
359 1053 388 1110 in
406 1051 566 1115 conditorio
582 1050 768 1112 sallustiano·

95 1149 158 1190 rum
181 1129 401 1193 adservabantur
420 1132 580 1196 hortorum.
599 1131 719 1193 Posioni
736 1133 769 1196 bt

98 1206 263 1272 Secundillae
285 1210 508 1277 erant'nomina.

134 1290 246 1353 Eodem
266 1294 388 1374 praeside
397 1339 409 1367 ,
425 1298 562 1357 minimus
581 1292 672 1354 homo
694 1292 769 1354 duos

97 1372 184 1451 pedes
202 1374 235 1435 &
253 1373 399 1454 palmum,
419 1375 559 1459 Conopas
580 1377 722 1447 nomine,
738 1376 769 1434 in

98 1450 206 1512 deliciis
218 1453 298 1515 Juliae
314 1459 409 1535 neptis
439 1457 501 1539 ejus
524 1457 595 1518 fuit:
617 1456 651 1516 &
667 1455 771 1515 mulier

99 1529 282 1595 Andromeda
306 1535 410 1596 liberta
436 1536 516 1597 Iuliae
538 1534 684 1616 Augustae.
704 1533 772 1592 Ma·

99 1613 172 1674 nium
194 1614 380 1689 Maximum,
402 1617 442 1695 δι,
452 1616 495 1677 Μ.
515 1614 646 1675 Tullium
664 1617 776 1694 equites

98 1691 260 1769 Romanos,
271 1695 371 1756 binum
389 1698 551 1759 cubitorum
561 1693 659 1767 soille,
678 1691 776 1755 auelor

98 1772 137 1833 est
151 1775 195 1836 M.
220 1776 334 1837 Varro:
356 1779 463 1859 &ipsi
489 1778 619 1840 vidimus
639 1777 668 1836 in
689 1776 772 1836 locu·

99 1852 131 1914 lis
145 1857 323 1919 adservatos.
341 1855 559 1940 sesquipedales
570 1860 597 1940 gi
618 1858 666 1927 ni,
683 1853 770 1937 quos*

95 1934 161 1996 dam
176 1938 344 2021 longiores,
359 1941 388 1997 in
403 1942 519 2001 trimatu
540 1878 693 2020 implentes
703 1938 773 2000 vita

98 2015 223 2092 cursum,
243 2018 320 2078 haud
342 2020 474 2101 ignotum
489 2018 541 2081 est.

95 2142 100 2147 -
134 2095 230 2159 XVll.
248 2097 417 2160 Invenimus
434 2103 465 2160 in
482 2100 697 2173 monumentis,
717 2095 770 2159 saa·

98 2173 198 2239 lamine
214 2178 408 2260 Enthymesis
430 2180 539 2254 filium,
561 2184 590 2241 in
603 2184 657 2241 tria
674 2180 772 2240 cubita

97 2259 218 2320 biennio
232 2259 403 2335 adoleville,
422 2261 527 2323 incellu
545 2261 675 2332 tardum,
689 2257 771 2341 sensu

98 2336 229 2401 hebetem
240 2342 303 2415 ;.&
329 2340 387 2421 jam
409 2344 550 2424 puberem
571 2339 675 2402 fabium
694 2358 774 2401 voce

99 2418 234 2494 robusta,
259 2420 439 2505 absumptum
463 2421 658 2483 contrabione
680 2440 771 2481 mern·-

98 2495 214 2561 brorum
231 2500 340 2575 subita,
365 2504 489 2563 triennio
510 2500 688 2562 circumablo.
709 2499 771 2582 Ipsi

99 2594 155 2638 non
172 2582 285 2661 pridem
297 2582 421 2644 vidimus
442 2584 545 2644 eadem
564 2582 655 2644 ferme
675 2582 776 2642 omnia

101 2675 201 2736 praeter
220 2663 422 2743 pubertatem,
442 2666 472 2723 in
492 2663 552 2725 filio
572 2662 703 2727 Cornelii
713 2660 777 2721 Ta·

101 2739 147 2797 citi
161 2744 266 2823 equitis
283 2741 406 2804 Romani
417 2789 426 2817 ,
436 2744 559 2829 Relgieae
574 2744 678 2808 Galliae
686 2743 776 2802 ratio-

98 2825 776 2970 tziltbl‘sllssnllilllnsszf‘**m
