1978 3610
143 330 147 341 .
228 273 438 349 Histoe.
452 278 525 350 Lib.
549 277 596 351 X.
656 278 727 379 3'57

25 393 139 455 ium'in
158 393 255 455 coitu
272 397 412 477 patiantur
436 397 649 462 humilitatem:
671 420 727 462 co··

27 493 140 535 mantes
163 479 256 536 enim
274 477 366 558 glorib
378 477 533 558 superbire.
550 479 664 541 Acoitu
678 480 725 543 so·

29 554 62 614 lae
78 557 261 616 animalium
280 576 397 618 currunt
415 581 453 619 ex
471 558 591 620 adverso
603 561 728 644 Aquilo*

29 656 64 695 ue
84 635 269 709 Austrove,
290 654 378 717 prout
399 659 511 699 marem
528 656 576 700 aut
589 640 726 703 seminam

29 736 212 797 concepere.
227 715 375 778 Colorem
385 719 463 779 illico
473 737 584 780 mutant
594 721 724 783 rubriore

30 795 108 875 pilo,
120 798 176 858 vel
189 800 374 881 quicumque
386 801 437 872 sit,
446 801 580 881 pleniore
591 823 599 862 ε
611 800 668 862 hoc
679 822 727 861 are
749 808 751 811 ’
857 838 861 847 ·

98 895 172 938 ento
201 880 343 938 desinunt
366 880 538 952 admittere,
555 883 641 942 etiarn
667 901 727 942 no·

30 895 132 1019 ldtllles.
148 958 223 1019 Nec
244 961 368 1040 impedit
393 978 489 1042 partus
519 960 659 1043 quosdam
686 961 725 1024 ab

33 1055 141 1115 opere,
157 1038 329 1121 falluntque
351 1041 484 1122 gravida.
497 1039 601 1103 Vicitse
613 1042 727 1126 Olym·
758 1049 761 1055 ’

34 1119 79 1198 pia
93 1139 306 1203 ptaegnantem
327 1121 522 1182 Echecratidis
539 1121 665 1184 Thessali
681 1126 727 1183 in·

34 1202 178 1262 venimus.
208 1201 333 1284 Equos,
355 1201 387 1261 &
406 1222 513 1272 canes,
537 1202 570 1262 δι
593 1201 655 1262 sues
671 1204 729 1261 ini·

34 1291 92 1339 tutu
109 1285 296 1344 matutinum
317 1297 473 1364 appetere,
491 1279 611 1343 feminas
631 1297 729 1344 autern

37 1358 98 1438 post
119 1365 282 1424 meridiem
301 1363 425 1424 blandiri
448 1359 646 1444 diligentiores
671 1377 731 1422 tra·

37 1437 114 1502 dunt.
131 1441 241 1525 Equas
262 1444 389 1505 domitas
403 1459 459 1503 nx.
482 1441 583 1504 diebus
607 1444 728 1524 equire,

39 1537 193 1604 antequam
202 1525 336 1608 gregales
348 1544 355 1583 ε
374 1523 438 1583 sues
450 1525 560 1583 tantiam
572 1526 651 1584 coitu
661 1521 729 1663 spu-

39 1617 114 1662 anam
129 1625 186 1665 ore
205 1605 350 1667 sundere:
365 1623 481 1665 verrem
494 1601 617 1664 subantis
630 1624 665 1663 au
687 1602 727 1664 ira

40 1697 127 1754 voce,
142 1686 203 1746 nisi
225 1687 409 1757 admittatur,
429 1685 527 1745 cibum
541 1705 602 1744 non
622 1703 729 1767 capere

42 1757 125 1843 usque
146 1767 180 1825 irt
200 1767 347 1827 maciem:
364 1765 485 1826 seminas
502 1782 597 1826 autem
617 1767 647 1825 in
665 1780 727 1825 tan·

42 1853 101 1902 tum
122 1845 263 1920 efferari,
275 1865 308 1908 ut
329 1845 479 1907 bominem
496 1845 640 1919 lacerent,
653 1866 737 1905 cart·¹

45 1917 107 1983 dida
126 1930 259 1988 maxime
279 1925 360 1989 veste
387 1926 530 1987 indutum.
561 1927 668 1987 Rabies
689 1945 725 1986 ea

44 2019 123 2065 atero
142 2011 294 2091 mitigatur
312 2024 422 2068 natura
444 2005 566 2087 asperso.
588 2007 724 2076 Aviditas

45 2084 268 2169 coinrputatur
279 2090 312 2150 δι’
325 2088 395 2150 cibis
405 2087 487 2149 fieri:
504 2090 577 2169 sicut
585 2091 651 2149 viro
661 2108 728 2149 eru·

47 2161 97 2238 tl,
109 2173 214 2247 pecori
228 2169 322 2250 -caepl⁴
348 2166 427 2248 Qua
442 2189 478 2229 ex
496 2166 565 2229 feris
592 2171 728 2252 mitigen-

47 2254 102 2319 tur,
111 2269 176 2309 non
189 2252 346 2332 concipere
354 2258 369 2322 3'
386 2267 418 2310 ut
436 2247 566 2310 anseres:
580 2269 667 2387 {pros
678 2266 730 2308 ve·

49 2321 194 2406 riarde,
214 2331 250 2392 &
273 2350 399 2401 cervos,
417 2348 472 2388 nec
499 2330 563 2387 nisiv
635 2326 728 2386 insan-

49 2403 88 2464 rit
107 2410 272 2485 educatos,
296 2412 405 2470 mirum
423 2406 474 2468 est.
495 2406 728 2492 Quadrupedum

50 2501 105 2561 Prae
161 2490 729 2571 ntesVeneremarcent,praeterequam

50 2562 82 2624 &
113 2590 192 2634 uem.
216 2570 277 2633 Sed
291 2568 467 2653 superfetant
486 2567 610 2651 dasypus
629 2572 663 2634 dc
684 2564 728 2631 le·

51 2660 101 2720 pus
120 2656 245 2713 tantiam.
368 2658 371 2666 ⁴
515 2694 521 2707 ‚
639 2704 641 2709 r
679 2676 682 2681 ·
717 2698 720 2704 t
812 2664 814 2669 ’

53 2762 57 2781 ι
88 2725 257 2794 LXXXIV.
278 2731 336 2808 64·
350 2730 555 2812 'Quaecumque
568 2729 734 2810 animalpa·

51 2803 289 2900 tbmt,incapita
300 2816 420 2897 gignunt
428 2809 734 2885 circumasiosubeni·
