2014 3624
191 283 427 388 Hrrron.
452 282 604 356 Lib.VI.
684 306 731 386 75

51 414 106 464 tem
120 401 297 476 Atlantem,
318 404 351 465 δι
366 403 428 484 ipsa
443 400 569 464 Atlantis
580 404 735 486 appellate.

50 483 96 544 Ab
111 485 146 545 ei
169 485 243 567 quin
285 504 302 542 e
327 483 439 543 dierum
462 486 645 566 navigrtione
665 485 734 547 soli·

53 565 157 625 tudiner
177 565 219 625 ad
244 505 344 625 ffithio
367 585 397 624 as
423 563 642 644 Hesperios‚&
661 588 732 648 pro»

52 648 249 720 montorium,
272 665 332 726 quo
374 647 547 705 vocavimus
569 645 729 727 Hesperien

53 744 145 797 retas,
162 726 236 786 inde
262 726 390 807 primum
405 726 618 807 circumagente
634 725 732 789 seter-

53 825 138 867 rarum
153 805 256 867 fronte
273 808 304 865 in
319 803 470 880 occasum,
483 826 516 864 ac
534 826 612 867 mare
634 805 731 871 Atlan-

52 887 141 947 ticum.
162 885 280 949 Contra
290 886 348 948 hoc
360 905 477 969 quoque
495 890 729 968 promontorium

53 964 200 1050 Gorgades
224 965 326 1028 insulae
351 983 518 1039 narrantur,
552 964 729 1052 Gorgonum

53 1049 192 1129 quondam
206 1047 331 1121 domus,
342 1046 424 1109 bidui
431 1050 615 1130 navigatione
627 1048 732 1111 distan-

53 1142 95 1187 tes
105 1132 300 1190 acontinente
310 1174 319 1203 ,
328 1145 361 1189 ut
370 1129 457 1189 tradit
469 1127 638 1211 Xenophon
647 1130 731 1193 Lamr

54 1206 191 1288 pfieemu.
210 1209 378 1271 Penetravit
387 1212 417 1269 in
427 1229 476 1269 eae
492 1209 598 1271 Hanno
622 1210 732 1274 Poeno-

54 1308 111 1348 rum
127 1290 307 1372 imperator,
333 1290 520 1373 prodiditque
546 1291 622 1351 hirta
647 1290 731 1354 femi·

55 1389 147 1430 uarum
157 1393 302 1455 corpora,
318 1374 398 1432 viros
409 1371 577 1454 pemicitate
594 1372 730 1437 evasisse:

52 1448 225 1535 dmmmque
261 1449 437 1534 Gorgonum
466 1469 545 1512 cutes
568 1458 730 1535 argumenti

54 1530 86 1591 dt
119 1532 251 1593 miraculi
296 1532 389 1615 gratid
419 1534 451 1591 in
486 1529 607 1591 lunonis
647 1549 731 1594 tema-

54 1610 101 1690 plo
114 1611 227 1692 posuit,
250 1611 389 1696 speslatm
408 1610 552 1694 usquead
579 1609 731 1696 Cardragi.

54 1709 116 1750 nem
139 1715 173 1753 ca
194 1711 266 1755 tam.
292 1693 380 1755 Ultra
405 1692 457 1753 lnu
486 1694 645 1754 etiamnum
664 1694 729 1756 dua

56 1716 240 1854 Hesperidum
267 1773 365 1836 insulae
389 1789 545 1835 narrantur.
577 1773 728 1858 Adedque

54 1856 145 1914 omnia
166 1857 243 1918 circa
261 1855 323 1916 haec
342 1858 451 1917 incerta
468 1854 552 1931 sunt,
572 1872 604 1915 ut
622 1854 727 1918 Statim

55 1929 169 1996 Sebosus
187 1957 205 1996 a
225 1934 279 1997 Go
313 1957 403 1998 onum
422 1934 519 1997 insulis
568 1939 729 2021 raenaviga·

55 2013 127 2075 tione
136 2014 264 2078 Atlantis
303 2020 453 2079 ‘erumxm
475 2015 513 2077 ad
562 2015 728 2099 esperidum

54 2092 146 2156 insulas
163 2096 279 2160 cursum
300 2098 483 2181 prodiderit,
504 2097 585 2158 abiis
596 2098 633 2159 ad
653 2098 730 2160 Hes·

91 2195 121 2236 ru
141 2198 222 2239 ceras
253 2181 348 2240 unius.
372 2178 439 2241 Nec
456 2177 636 2240 Mauritaniae
650 2179 726 2241 iusu-

65 2275 138 2316 arum
165 2262 272 2320 certior
299 2259 379 2320 fama*
400 2258 452 2322 est.
496 2258 602 2320 Paucae
632 2261 727 2322 modo

55 2335 157 2398 constat
166 2338 225 2401 elle
240 2361 278 2402 ex
289 2339 411 2403 adverso
427 2339 616 2411 Autololum,
625 2363 642 2400 a
652 2339 727 2403 Jubt

56 2435 196 2497 repertas,
213 2423 245 2481 in
262 2422 367 2504 quibus
382 2420 555 2483 Gaetulicarn
568 2442 724 2504 purpuram

55 2497 91 2556 tiu
128 2520 176 2561 ere
198 2500 367 2564 instituerat.

58 2624 62 2629 -
207 2580 244 2643 ΙΙ.
273 2603 318 2665 32·
336 2580 409 2643 Sunt
425 2584 475 2666 qui
491 2580 565 2644 ultra
584 2604 632 2645 ear
650 2584 724 2647 For·

54 2670 158 2720 tutatae
187 2681 289 2743 putant
315 2661 392 2736 elle,
413 2662 604 2747 quasdamque
632 2667 722 2727 aliar:

57 2755 168 2817 quarum
186 2762 312 2805 numero
332 2743 410 2804 idem
426 2744 550 2808 Sebosus
562 2749 648 2806 etiam
660 2745 725 2828 spo·b

56 2819 295 2906 incomplexus,
314 2820 466 2890 Iunoniam
490 2824 616 2967 aligeri
633 2825 725 2889 Gaui»

580 2923 603 2986 ¹1
