1966 3618
188 227 402 300 Hieron.
428 226 501 300 Lib.
526 174 618 300 vm.
672 248 740 302 201

10 374 12 393 ⁵
64 345 135 409 ditur
150 350 264 410 cervix.
284 346 363 408 Nam
382 346 466 408 thoes
482 345 496 429 (
503 346 637 428 luporum
648 345 680 407 id
689 367 747 430 ge-

7 426 9 499 s
64 448 112 488 nus
135 428 177 490 est
229 431 357 489 rocerius
384 427 585 510 longitudine,
598 425 745 497 brevitate

64 528 171 570 crurum
211 508 348 582 issimile,
365 508 456 570 velox
475 506 685 578 saltu,venatu
697 511 745 575 vie

63 608 146 660 vens,
163 591 327 651 innocuum
351 587 491 670 homini)
513 588 663 663 habitum,
682 609 744 657 nom

65 669 187 730 colorem
211 688 348 741 mutant,
369 690 423 750 per
436 669 548 730 hiemes
566 668 746 742 hirti,aesss·

67 764 92 829 te
107 752 185 812 nudi.
205 750 348 812 Tarando
366 749 553 833 magnitudo,
571 770 637 830 quae
655 751 743 817 bovis

66 848 141 909 caput
155 830 253 912 majus
271 833 413 905 cervino,
434 849 489 891 nec
509 830 658 895 absimile:
675 852 743 897 cor-e

65 928 113 977 our
124 911 238 973 ramosa
248 956 258 987 ,
268 911 383 994 ungulae
400 909 515 986 bifido,
532 911 618 972 villus
631 914 743 995 magnie

65 990 156 1053 tudine
172 992 317 1055 ursorum.
343 991 400 1054 Sed
422 995 494 1052 cum
510 988 592 1055 libuit
604 991 645 1053 sui
657 993 741 1055 colo-

65 1071 181 1150 risere,
202 1075 276 1135 asini
295 1074 393 1135 similis
403 1072 455 1135 est.
466 1071 592 1155 Tergori
604 1091 682 1135 tenta
690 1074 742 1145 du2

68 1151 139 1227 titia,
156 1172 188 1215 ut
207 1154 344 1215 thoraces
363 1176 401 1216 ex
419 1174 456 1214 eo
471 1152 584 1214 faciant.
597 1153 740 1216 Colorem

69 1236 187 1313 omnium
204 1236 366 1311 arborum,
387 1233 542 1307 fruticum,
563 1233 690 1308 florum,
701 1234 743 1298 lo·

69 1331 218 1398 totumque
228 1316 341 1389 reddit,
350 1319 378 1376 in
389 1315 492 1397 quibus
502 1314 586 1387 latet,
596 1331 743 1391 metuens,

69 1392 184 1478 ideoque
202 1398 270 1458 raro
293 1399 412 1478 capitur.
432 1393 543 1455 Mirum
563 1392 633 1456 effet
657 1395 740 1456 habi-

69 1487 124 1535 tum
142 1479 261 1560 corpori
282 1493 341 1539 tam
362 1475 553 1556 multiplicem
570 1476 742 1550 dari‚mira·

71 1551 146 1616 bilius
162 1561 194 1620 dc
212 1558 296 1620 villo.
553 1614 557 1621 .

104 1635 192 1700 Llll.
215 1660 264 1722 35·
296 1634 448 1717 Hystrices
476 1635 681 1720 generarlndia
707 1636 742 1701 dc

70 1709 161 1779 {Alica
175 1720 194 1780 s
210 1723 259 1781 ind
275 1716 443 1790 comecias,
459 1717 677 1780 herinaceorum
695 1736 743 1802 ge·-

74 1815 144 1860 nere:
154 1744 208 1863 sed
213 1798 333 1882 hystrici
341 1798 487 1881 longiores
503 1801 614 1873 aculei,
629 1801 661 1862 &
672 1803 741 1883 cum

6 1942 7 1945 Ἴ
73 1875 180 1941 intendit
194 1899 317 1951 cutem,
335 1879 466 1941 missiles.
486 1878 551 1940 Ota
573 1884 739 1962 urgentium

75 1952 128 2019 fiir
146 1983 265 2037 canum,
284 1963 317 2024 dt
358 1959 424 2022 aulo
452 1961 564 2043 longius
590 1957 741 2039 jaculatur.

100 2039 197 2105 ibernis
216 2060 315 2103 autem
332 1984 361 2102 dd
376 2041 523 2102 mensibus
538 2042 639 2103 condit
646 2048 658 2115 Ιὲ
677 2062 743 2125 quae

74 2135 159 2184 natura
174 2125 295 2196 multis,
315 2124 348 2184 δι
365 2139 430 2183 ante
447 2125 544 2183 omnia
562 2125 645 2183 ursis.
733 2162 736 2167 -

106 2199 178 2266 le.
198 2206 246 2288 36.
272 2204 382 2266 Eorum
403 2206 495 2266 coitus
513 2204 613 2264 hiemis
637 2204 741 2267 initio:

6 2316 8 2319 v
73 2296 120 2340 nec
136 2288 245 2369 vulgari
267 2285 486 2366 quadrupedum
500 2305 599 2355 more,
615 2280 666 2344 sed
682 2304 742 2343 am·

73 2356 156 2425 bobus
162 2367 330 2427 cubantibus
342 2362 566 2446 completisque.
572 2361 692 2424 Deinde
699 2362 743 2425 se·

55 2440 190 2515 'teliusin
206 2446 308 2530 specus
331 2444 503 2527 separatim,
518 2447 549 2503 in
568 2443 671 2524 quibus
689 2466 743 2527 pa-

49 2554 54 2566 ·
74 2521 140 2585 riunt
156 2530 304 2610 trigesimo
323 2526 390 2600 die,
425 2525 559 2586 lurimirm
574 2527 686 2607 quinos·
701 2525 743 2588 Hi

74 2595 130 2694 lunt
146 2608 267 2668 candida
285 2547 424 2668 informi?
455 2626 549 2668 ecaro
559 2649 570 2679 ‚
581 2606 668 2689 paulo
680 2628 743 2667 mu·

74 2682 143 2746 rrius
156 2687 267 2769 major,
287 2692 347 2750 sine
365 2708 422 2749 ocu
435 2690 478 2763 is,
502 2690 563 2749 sine
603 2688 666 2760 ilo,
688 2707 743 2746 un·

74 2776 137 2841 Sues
154 2772 275 2859 tantum,
290 2770 473 2853 prominent:
490 2709 745 2907 hanciiambendo

597 2867 620 2910 v
