2004 3628
242 268 321 395 r4ll
368 302 406 372 C.
427 292 598 370 Prrirrr
617 290 807 370 Nrru‘r.

242 458 246 469 ·
283 418 358 484 Haec
373 419 469 480 felicia
483 410 634 499 exempla:
646 432 676 477 at
689 416 788 478 contri
803 415 939 481 miserias

243 524 309 569 rum
337 505 499 562 innumera.
525 497 559 560 L.
584 497 735 559 Domitius
764 501 938 560 clarissimae

242 585 337 668 gentis
347 581 425 665 apud
436 580 596 642 Massiliam
605 577 713 654 vidus,
726 576 850 640 Corfinii
863 589 938 662 capss

244 683 292 728 tus
303 663 340 725 ab
353 664 460 725 eodem
473 658 586 722 Caesare
596 704 606 735 ‚
616 681 733 721 veneno
749 679 822 742 poro
838 672 936 743 propss

243 763 290 808 ter
307 745 424 807 taediurn
442 743 512 804 vita
522 785 532 814 ,
544 738 694 823 postquam
703 741 833 814 biberat,
844 742 935 800 omni

245 849 266 889 ο
290 847 339 886 ere
362 843 394 885 ut
412 819 886 897 viveret‚adnisusest.lnvenitur
898 825 933 883 in

244 849 328 978 allis,
345 905 444 967 Felice
466 900 569 964 rull'ato
587 901 686 985 aurigi
709 902 809 978 elato,
830 905 860 962 in
877 923 933 962 ro-

244 1009 315 1130 ffim
337 986 400 1068 ejus
419 1004 510 1046 unum
533 1004 550 1044 e
567 981 730 1044 faventibus
740 982 837 1064 jecisse
847 981 931 1045 sese:

281 1067 385 1128 volum
404 1063 480 1126 dittu
494 1085 502 1124 ε
522 1085 559 1125 ne
571 1065 628 1125 hoc
639 1064 738 1146 gloriae
750 1063 864 1125 artificis
878 1065 931 1125 da'·

244 1166 345 1223 retur,
361 1147 490 1210 adversis
505 1143 603 1206 studiis
621 1146 710 1226 copiis
720 1147 845 1206 odorum
862 1160 931 1206 cora

244 1248 365 1310 ruptum
385 1226 609 1288 criminantibus.
618 1223 696 1286 Cirm
706 1227 771 1286 ante
782 1248 842 1288 non
852 1225 930 1288 rnul-

245 1313 281 1373 τὸ
298 1308 342 1372 Μ.
360 1309 485 1390 Lepidus
505 1306 692 1368 nobilissimae
710 1305 824 1388 stirpis,
838 1328 929 1389 quern

243 1392 367 1453 divortii
378 1389 522 1450 anxietate
537 1387 659 1448 diximus
672 1407 838 1462 mortuum,
848 1389 929 1449 flam·

246 1492 303 1534 mae
319 1473 351 1534 vi
372 1491 389 1531 e
408 1489 482 1553 rugo
501 1466 634 1550 ejedius,
661 1471 782 1530 recondi
804 1486 928 1552 propter

246 1552 383 1614 ardorem
404 1572 468 1612 non
494 1547 648 1632 potuillet‚
672 1547 754 1632 juxta
781 1550 928 1612 sarmentis

246 1635 310 1697 eliis
331 1633 424 1694 nudus
442 1649 582 1693 crematus
601 1630 653 1692 est.

249 1756 254 1765 .
290 1713 354 1773 LV.
377 1733 424 1794 54.
443 1709 539 1792 ipsum
549 1732 676 1774 cremare
687 1713 764 1793 apud
775 1712 929 1777 Romanos

247 1812 309 1855 non
327 1791 381 1853 fuit
397 1793 505 1854 veteris
521 1792 657 1854 instituti:
668 1794 745 1856 terri
760 1793 928 1856 'condeban-
986 1818 987 1875 j

248 1891 306 1936 tur.
327 1873 370 1935 At
390 1872 541 1957 postquam
569 1874 732 1957 longinquis
763 1876 847 1937 bellis
868 1878 929 1937 ob·
986 1950 987 1963 χ

247 1956 330 2018 'tutos
345 1956 406 2016 erui
420 1975 604 2038 cognovere,
618 1972 687 2016 runc
704 1954 871 2018 institutum.
889 1957 928 2021 Et

247 2052 346 2097 tamen
361 2036 458 2098 multae
473 2035 589 2096 familia
607 2034 715 2119 priscos
732 2037 884 2100 servavere
893 2042 929 2100 ri·

248 2133 312 2177 tus:
330 2119 402 2176 sicut
420 2119 450 2177 in
471 2114 609 2179 Cornelii
626 2138 715 2180 nemo
733 2137 799 2179 anre
817 2117 928 2182 Sullam

248 2195 418 2257 didatorem
435 2197 555 2259 traditur
579 2215 730 2261 crematus.
758 2198 850 2282 ldque
869 2221 927 2262 vo·

247 2276 346 2350 luisse,
367 2279 493 2341 veritum
513 2279 676 2356 talionem,
696 2298 782 2342 eruto
800 2279 839 2343 C.
858 2280 928 2342 Ma-

249 2361 443 2422 riicadavere.
457 2358 592 2441 Sepultus
604 2362 677 2422 verb
685 2360 929 2445 intelligiturque·

249 2460 310 2521 quo
329 2443 420 2504 modo
437 2442 590 2504 conditus:
601 2440 734 2504 humatus
751 2445 826 2506 verb
834 2443 927 2508 humo

248 2520 407 2584 contedlus.

251 2634 256 2655 .·
291 2600 369 2662 LVI.
413 2622 439 2684 5.
458 2602 525 2666 Post
545 2603 720 2686 sepulturam
745 2606 833 2666 variae
859 2603 927 2666 Ma·

249 2683 331 2745 nium
348 2623 494 2767 amlrages.
524 2683 671 2747 Omnibus
688 2708 704 2746 a
724 2684 856 2768 supremi
876 2686 926 2749 die

250 2763 379 2836 eadem,
399 2785 464 2846 quae
484 2782 551 2827 aute
572 2768 713 2848 primunr:
731 2788 786 2828 nec
802 2768 926 2850 magistr

249 2862 346 2913 morte
363 2843 459 2928 lenius
471 2847 549 2913 ullus
556 2865 606 2913 aut
613 2850 792 2934 corporitut
799 2850 901 2915 anime
910 2893 925 2935 4
