2004 3628
203 253 417 327 Iltsrot.
435 254 613 328 Linvlfl.
669 256 762 350 167·
809 220 813 223 .

56 371 186 438 tabant.
204 370 294 455 Capti
307 371 459 437 celerrime
472 371 657 437 mitificantur
672 375 743 440 Iron·

57 455 104 517 dei
115 456 215 517 succo.

95 535 178 597 VIII.
191 533 223 596 8.
235 531 401 615 Capinntur
410 552 509 599 autern
518 537 548 596 in
556 534 638 597 India
651 558 742 599 unuin

61 637 95 678 rx
107 617 229 678 domitis
244 634 349 697 agente
367 615 499 676 reiiore:
519 619 568 698 qui
583 617 746 697 deprehen·

61 696 138 772 suin,
155 697 317 759 solitarium
327 740 337 770 ,
347 695 545 758 abatiamvea
563 716 744 779 grege‚ver·

62 776 138 839 heret
152 777 269 839 ferum:
284 797 344 860 quo
362 775 500 859 fatigato,
512 774 694 839 tranffcendit
713 781 743 840 in

63 877 136 930 eum,
156 880 216 919 nec
235 857 316 921 secus
341 879 374 918 ac
397 879 524 938 priorem
539 861 622 941 regit.
643 857 744 920 Africa

63 936 153 999 foveis
175 941 277 1022 capit,
298 941 328 998 in
351 960 421 1021 quas
448 940 597 1001 deerrante
620 940 743 1022 aliquo,

64 1022 189 1100 protinus
215 1022 309 1081 ceteri
332 1038 491 1102 congerunt
511 1042 629 1093 tantos,
647 1019 744 1082 tnolea

65 1099 380 1183 devolvunt‚,aggetea
400 1100 586 1176 construunt,
604 1104 744 1183 omnique

67 1182 95 1239 vi
111 1199 254 1243 conantur
271 1180 428 1243 extrahere.
457 1179 556 1243 Antea
581 1181 744 1242 domitandi

66 1261 172 1341 grani,
188 1282 296 1344 greges
318 1262 448 1343 equitatu
468 1262 611 1343 cogebant
627 1263 656 1320 In
673 1281 746 1321 con·

68 1340 169 1403 vallem
187 1363 277 1404 mann
296 1339 417 1413 sanam,
435 1342 572 1425 &longo
591 1340 678 1401 traIIu
691 1340 749 1401 fal-

66 1419 156 1483 lacem
164 1444 172 1482 t
181 1420 267 1504 cujus
278 1421 401 1485 inclusos
411 1423 478 1502 ripis
489 1421 648 1504 fossisque,
666 1420 745 1482 farne

67 1501 233 1569 donabant.
256 1502 549 1585 Argumentum'erat
569 1523 676 1571 ramus,
695 1501 749 1560 ho·

69 1586 141 1644 mine
151 1586 318 1666 porrigente
329 1583 487 1647 clementer
498 1598 643 1672 acceptus.
660 1579 749 1641 Nunc

70 1662 196 1727 dentium
215 1662 315 1739 causi,
333 1663 425 1745 pedes
449 1683 551 1725 eorum
570 1662 748 1743 Jaculantur,

70 1742 191 1827 alioquin
210 1745 407 1807 mollissimos.
422 1743 618 1827 Troglodytae
629 1759 747 1805 conter-

70 1825 378 1908 niniAEtlnopiae,qui
388 1824 446 1885 hoc
454 1823 517 1887 solo
536 1842 645 1887 venatu
662 1824 743 1884 alun·

70 1918 135 1978 tur,
158 1908 279 1968 arbores
308 1907 484 1988 propinquas
514 1906 614 1965 itineri·
641 1922 745 1964 eorum

68 1987 271 2051 conscendunt.
287 1984 359 2049 Inde
379 1989 466 2049 totius
486 1988 605 2068 agminis
620 1985 747 2044 novissi·

68 2068 178 2130 mutus
197 2067 319 2142 emitti,
338 2084 480 2131 extremas
500 2070 530 2129 in
552 2065 652 2129 clunes
667 2064 748 2126 deti·

72 2146 151 2212 Iiunt.
170 2092 262 2213 [aa
282 2147 506 2230 apprehenditur
526 2147 637 2210 cauda:
657 2147 748 2227 pedes

70 2225 208 2310 stipantur
229 2232 259 2291 in
275 2227 389 2293 sinistro
410 2228 529 2292 femine.
551 2227 596 2289 lta
618 2227 749 2308 pendens

70 2308 192 2375 alterum
202 2311 343 2393 poplitem
354 2309 454 2373 dextra
464 2309 549 2371 cedit
560 2306 704 2390 praeacuta
712 2307 752 2367 bi-

71 2394 175 2470 penui:
196 2393 254 2453 hor
271 2411 353 2453 crure
362 2391 474 2453 tardato
486 2387 750 2472 profugiens,alte-

70 2471 128 2533 tius
147 2471 266 2554 poplitis
277 2493 386 2536 nervos
400 2469 484 2541 ferit,
495 2467 594 2530 euntia
604 2468 750 2550 praeceleri

73 2555 240 2629 pernicitate
310 2572 410 2635 agens.
429 2549 491 2615 Ani
510 2551 616 2611 tutiore
627 2569 750 2632 genere,

73 2628 123 2692 {ed
136 2635 230 2716 magia
259 2634 358 2704 aliaci,
371 2633 505 2695 intentos
522 2631 653 2713 ingentes
669 2649 754 2690 arcus

72 2710 202 2796 defigunt
215 2714 298 2778 humi
311 2713 434 2795 longina.
445 2712 512 2775 Hos
529 2712 667 2795 praecipui
676 2710 753 2802 viriff

70 2790 127 2857 bus
143 2794 271 2878 juvenes
287 2798 458 2876 rontinent:
475 2794 526 2858 alii
540 2794 665 2859 tonnixi
690 2808 757 2871 pata
