2004 3628
223 240 298 318 '128
355 243 594 317 &Pirum
621 242 812 316 Narve.

225 365 274 429 Μ.
289 364 397 427 Scauro
416 365 544 447 principe
561 364 687 423 civitatis
704 380 767 424 uns.
778 379 857 424 nce.
876 358 922 424 lii

224 465 323 508 eente.
345 444 496 508 Excessere
515 445 572 506 hoc
594 446 623 502 in
646 441 745 504 nostro
766 465 833 503 aevo
855 464 921 506 nec

225 526 345 591 modice
365 526 541 598 histriones,
565 521 615 584 sed
640 525 801 592 libertatern
830 521 922 586 suam

225 609 356 670 mercati.
386 605 510 689 Quippe
527 605 594 666 cirrn
610 603 670 683 jam
687 605 765 687 apud
781 602 920 681 maiores

226 689 349 751 Roscius
366 687 482 749 histrio:
502 705 582 747 u-s.
603 703 636 745 n.
655 707 750 746 annua
768 682 919 747 meritasse

224 770 385 853 prodatur:
401 771 455 828 nisi
472 769 535 849 quis
551 769 581 825 in
598 766 654 826 hoc
673 765 741 827 loco
767 766 920 828 desiderat

227 851 396 913 ¹Armeniaci
418 849 512 920 belli,
525 848 611 928 paulo
631 847 698 906 ante
722 864 843 928 propter
854 845 919 907 Ti-

228 932 352 992 ridatem
363 928 452 1012 gesti,
467 925 710 1009 dispensatorem,
725 947 815 1010 quem
827 925 918 991 Nero

225 1019 403 1077 ιικιῖξῖχῖ.
432 1011 606 1070 manumisit.
631 1005 689 1068 Sed
710 1007 769 1068 hoc
786 1009 918 1089 pretium

228 1092 318 1160 uelli,
329 1109 389 1149 non
398 1090 524 1151 hominis
536 1088 608 1150 suit:
619 1085 918 1170 tamhercule,qu⁸am

224 1169 447 1240 ·libidinis,non
458 1169 575 1244 formae,
592 1167 756 1231 Paezontem
775 1189 794 1230 e
813 1166 831 1228 s
845 1168 918 1231 ado·

102 1264 105 1269 ’
226 1254 315 1315 nibus
333 1248 440 1332 Sejano
458 1261 569 1313 mnf).
584 1269 759 1312 mercaurea
774 1247 809 1312 G
879 1269 917 1311 ο-

229 1337 277 1395 rio
294 1331 398 1395 Prisco.
416 1332 518 1413 Quam
536 1331 655 1411 quidem
672 1328 807 1411 injuriam
825 1330 916 1391 lucri.-

225 1414 301 1476 secit
315 1411 364 1474 ille
386 1430 528 1475 mercatus
545 1414 574 1472 in
590 1412 667 1473 ludu
682 1413 823 1488 civitatis,
839 1431 916 1495 quoq

229 1498 309 1559 niam
328 1511 447 1576 arguere
462 1494 540 1554 nulli
558 1492 687 1554 vacabat.

226 1608 230 1615 ·
250 1573 644 1650 XL1.40.Gentiutnintoto
657 1572 729 1633 urbe
740 1570 917 1654 praestantis-

231 1659 303 1725 sima
324 1676 379 1715 una
406 1657 559 1727 omniurn,
578 1655 704 1728 uirtute,
726 1652 803 1714 haud
823 1652 914 1714 dubie

109 1746 112 1750 “
222 1738 363 1801 Romana
373 1734 486 1795 exstitit.
495 1734 629 1795 Felicitas
638 1735 683 1794 cui
693 1735 839 1816 praecipua
847 1731 916 1809 sue·

118 2442 120 2445 ,
230 2383 282 2463 qui
304 2401 365 2458 lure

230 1818 268 1877 rit
287 1815 417 1886 homini,
438 1837 498 1876 non
516 1813 558 1876 esi
575 1815 693 1875 humani
708 1812 821 1895 judicii:
845 1817 915 1877 cum
990 1818 991 1883 ἶ

221 1894 457 1981 prosperitatem
475 1893 565 1978 ipsam
583 1895 653 1956 alius
674 1895 733 1956 alio
748 1895 863 1968 modo,
879 1896 915 1958 δι

222 1977 334 2059 suopte
346 1979 374 2036 in
395 1979 463 2037 enio
475 1975 593 2059 quisque
604 1977 748 2037 terminet.
767 1975 798 2037 Si
807 1995 915 2037 veruna

229 2057 328 2120 facere
342 1997 480 2136 judicium
491 2058 642 2130 volumus,
655 2078 687 2118 ac
698 2057 917 2138 repudiatione·
990 2132 991 2135 Ἴ

229 2141 262 2199 ni
283 2138 405 2198 fortunae
424 2136 584 2197 ambitione
605 2137 783 2207 decernere,
805 2153 915 2199 morta·
990 2142 991 2197 ζ

221 2220 304 2280 -lium
327 2238 416 2279 nemo
438 2215 478 2277 est
496 2216 575 2278 selix.
594 2216 722 2278 Abunde
739 2219 850 2300 agitur,
872 2234 917 2279 at·

231 2321 289 2383 que
303 2299 488 2440 indulpentet
508 2297 623 2359 fortuna
642 2297 751 2359 decidit
767 2318 834 2358 curn
853 2318 914 2372 eo,

405 2381 442 2440 ici
459 2396 518 2439 non
542 2377 643 2439 infelix
661 2376 767 2462 potest.
788 2376 914 2461 Quippe

230 2478 264 2522 ut
280 2461 334 2533 alia
345 2482 405 2520 non
423 2461 500 2534 sint,
517 2459 618 2534 certe,
635 2481 672 2520 ne
683 2457 807 2522 lassescat
822 2459 916 2522 sortu-

222 2561 286 2610 ιιι,
298 2559 394 2601 metus
410 2539 468 2601 est:
487 2561 547 2622 quo
559 2539 648 2605 semel
663 2559 804 2622 recepto,
822 2539 915 2604 solida

232 2621 353 2684 felicitas
368 2642 428 2681 non
448 2619 500 2681 est.
519 2619 603 2700 Quid
618 2622 700 2704 quud
722 2641 809 2681 nemo
829 2643 915 2685 mor·

231 2702 333 2763 talium
343 2700 477 2762 omnibus
488 2701 566 2762 horis
576 2699 666 2783 sapit?
680 2703 848 2784 utinamque
860 2701 914 2763 sal-

231 2782 295 2857 sum
309 2784 367 2847 hoc
375 2825 387 2862 ,
399 2784 432 2851 dc
443 2802 504 2848 non
515 2803 532 2847 a
543 2799 610 2850 vare
627 2782 735 2847 dictum
748 2781 915 2868 quimplu·
