1966 3618
228 240 298 294 202
354 217 390 288 C.
415 217 598 289 Partiri
622 217 819 291 Narin.

223 340 363 426 paulatim
382 336 514 433 figurant.
538 335 604 397 Nec
623 337 783 421 quidquam
804 340 944 417 rarius,

228 422 318 503 quim
339 436 498 502 parientem
514 418 617 478 videre
637 418 740 480 ursum.
754 420 834 483 ldeo
860 446 940 484 rna*

227 522 275 564 tes
286 498 586 584 quadragenisdiebus
598 500 688 561 latent
699 545 709 570 ,
720 500 846 562 feminae
855 526 942 586 quas

227 586 316 645 ternis
340 583 495 642 mensibus.
520 577 630 661 Specus
647 583 671 641 si
688 602 749 642 non
767 582 942 660 babuerej

142 662 145 667 “
226 684 374 726 ramorum
393 661 585 743 fruticumque
601 664 741 744 congerie
751 662 939 738 edificant,

227 742 464 827 impenetrabiles
484 741 641 816 imbribus,
657 742 940 826 noniquefronde

224 823 400 888 constratos.
424 823 527 884 Primis
536 822 637 884 diebus
656 824 701 884 bis
719 822 848 906 septenis
862 843 937 888 tam

229 908 314 991 gravi
334 903 435 966 somno
450 920 638 987 premuntur,
654 921 687 965 ut
697 925 735 966 ne
746 905 939 967 vulneribus

230 987 353 1072 quidem·
371 987 487 1046 excitari
507 1002 624 1067 queant.
651 983 738 1046 Tunc
752 988 868 1047 mirum
894 990 934 1048 in

230 1069 355 1131 modum
371 1083 497 1127 veterno
512 1064 709 1149 pinguescunt.
721 1065 766 1127 illi
776 1066 846 1128 suut
856 1068 934 1127 adi-

231 1164 285 1233 pes
304 1146 542 1210 medicaminibus
555 1149 634 1229 apti,
651 1164 812 1230 contraque
818 1149 932 1231 capilii

232 1229 392 1292 defluvium
407 1245 532 1290 tenaces.
549 1226 601 1288 Ab
612 1229 647 1288 iis
656 1229 757 1290 diebus
772 1230 932 1302 resident,

232 1334 267 1374 ac
281 1314 411 1395 priorum
429 1311 538 1391 pedum
556 1307 634 1368 sudu
646 1312 758 1371 vitum.
777 1309 874 1372 Fetus
885 1313 929 1370 ri»

233 1410 334 1477 gentes
352 1390 542 1472 adprimendo
567 1389 678 1471 pecioti
705 1389 833 1466 fovent,
859 1410 928 1452 non

233 1475 295 1535 alio
316 1472 466 1547 incubitu,
529 1469 576 1532 bnt
586 1471 623 1531 ad
634 1472 850 1534 ovavolucres.
861 1472 927 1533 Mis

234 1578 300 1618 rum
323 1553 399 1616 dictu
417 1599 425 1625 ,
446 1573 494 1614 cre
516 1555 538 1613 it
560 1549 796 1692 Theophrastus,
815 1549 926 1636 perid

233 1646 352 1719 ternpus
367 1634 461 1696 costas
478 1648 597 1773 quoptte
614 1654 649 1692 ut
661 1652 746 1694 orum
759 1655 883 1708 carnes,
898 1635 925 1693 si

233 1718 439 1791 adserventur,
461 1717 538 1776 incre
551 1734 627 1775 cete.
649 1711 719 1775 Cibi
741 1714 821 1775 nulia
850 1732 926 1776 tuuc

232 1810 416 1879 argumenta,
433 1814 487 1857 nec
508 1798 562 1856 nisi
578 1795 706 1856 humoris
723 1798 879 1856 minimum
889 1797 925 1856 in

232 1880 303 1940 alvo
319 1878 460 1940 inveniri:
480 1875 620 1960 sanguinis
631 1879 748 1961 exiguas
759 1879 838 1938 circa
851 1898 926 1938 cot·

234 1961 274 2021 da
292 1961 402 2020 tantum
422 1974 537 2041 guttas,
562 1957 676 2040 reliquo
702 1960 821 2039 corpori
847 1956 922 2019 nihii

232 2039 330 2102 ineffe.
353 2039 519 2101 Procedunt
542 2058 635 2111 vere,
653 2036 701 2098 sed
722 2058 818 2100 mares
840 2060 923 2123 prae·

232 2123 355 2205 pingues
365 2143 377 2182 t
387 2118 469 2200 cujus
481 2122 525 2180 rei
535 2119 617 2180 causa
628 2141 689 2181 non
704 2137 844 2203 prompta
860 2118 922 2182 estt

233 2214 344 2285 ‘quippe
362 2221 416 2261 nec
437 2198 539 2262 somno
556 2201 673 2284 quidem
690 2200 922 2285 saginatis,ptae·
940 2248 943 2253 »

115 2295 118 2303 “
232 2301 279 2345 ter
287 2282 507 2367 quatuordecim
518 2283 595 2356 dies,
610 2299 642 2342 ut
657 2282 795 2344 diximus.
805 2281 922 2345 Exeun

233 2383 280 2425 tes
294 2367 411 2426 herbam
423 2365 577 2446 quamdam
595 2383 666 2424 aron
685 2366 804 2425 nornine
823 2363 921 2424 laxam

122 2468 126 2480 ‘
231 2446 280 2504 dis
298 2445 438 2507 intestinis
458 2446 566 2527 alioqui
589 2447 732 2505 concretis
751 2446 921 2518 devorant,

180 2629 183 2634 '
233 2626 296 2667 01¹2·

231 2528 310 2585 circa
331 2548 367 2587 ue
388 2525 516 2588 surculos
541 2526 671 2586 dentium
700 2526 918 2607 ptaedomantes
979 2548 980 2553 ¹

312 2548 407 2668 beuti
431 2626 533 2669 eorum
552 2606 739 2668 hebetantur:
754 2608 812 2689 qud
827 2608 917 2668 maxi·

232 2688 282 2750 me
303 2687 388 2749 causi
403 2685 486 2749 favos
504 2704 658 2770 expetunt,
673 2703 704 2748 ut
722 2689 917 2750 convulnera-

232 2783 298 2832 tum
321 2768 358 2833 ab
377 2769 479 2857 apibus
500 2791 537 2835 os
554 2770 635 2838 leret
650 2767 787 2854 sanguine
811 2786 916 2854 gravet
