2014 3624
246 300 453 374 Hrrrou.
480 296 553 374 Lib.
568 298 630 376 VI.
722 326 773 403 49

71 414 164 499 Medi
182 422 325 505 sagittam.
352 421 450 483 Inssuit
472 424 501 481 in
526 423 619 484 lacum
639 423 772 487 Arethua'

78 508 138 567 satn
160 506 264 566 omnia
282 504 360 563 illata
380 503 511 584 pondera
522 502 764 580 sustinentem,&

1 605 2 638 2
77 591 189 648 nitrum
209 584 322 645 nebulis
347 585 537 644 exhalantem.
554 585 654 645 Unum
674 608 765 670 genus

1 659 2 676 ¹
72 671 108 728 ei
151 666 252 727 iscium
277 662 337 736 est,
360 665 449 745 idque
470 664 683 728 transcurrentis
702 690 765 730 non

80 690 219 809 nudetur
235 746 338 819 alveo,
355 747 429 804 sicut
448 765 503 805 nec
525 764 541 806 e
564 744 645 828 Tigri
673 748 765 830 pisces

80 829 111 888 in
132 829 230 888 lacum
246 823 428 886 transnatant.
439 825 541 887 Fertur
549 845 647 887 autem
660 830 691 891 dr
704 852 766 890 cut·

32 980 35 983 ,
80 909 112 971 fu
131 911 165 971 δι
183 908 285 967 colore
297 906 697 992 dissimilisztransvettusque
711 928 769 983 oti

81 998 217 1050 currente
236 986 337 1047 Tauro
353 1003 452 1048 monte
467 990 496 1048 in
513 987 600 1070 specu
609 993 770 1073 mergitur't'

82 1069 240 1151 subterque
260 1065 353 1150 lapsus
365 1089 383 1128 a
394 1069 483 1129 latere
498 1069 588 1130 altero
601 1068 663 1149 ejus
674 1092 770 1133 erum·

81 1154 135 1233 pit.
147 1151 246 1211 Locus
259 1165 379 1209 vocatur
389 1149 546 1209 Zoaranda.
556 1149 700 1212 Eumdem
709 1152 771 1214 effe

80 1228 267 1292 manifestum
283 1227 432 1311 est‚qubd
444 1229 571 1290 demersa
581 1230 698 1312 perfert.
715 1234 772 1294 At:

79 1329 177 1373 terum
201 1310 308 1370 deinde
329 1313 428 1369 transit
449 1311 557 1383 lacum,
572 1314 621 1392 qui
639 1310 771 1395 Thospia

80 1409 126 1454 tes
148 1391 327 1473 appellatur,
337 1389 483 1472 rursusque
495 1393 524 1471 in
535 1392 682 1453 cuniculos
692 1415 767 1456 mer·

103 1476 175 1547 'tur‚
193 1476 227 1533 δι
245 1469 311 1551 post
336 1489 417 1532 xxn.
443 1472 515 1533 mill.
535 1471 665 1553 passuum
689 1478 765 1537 circa

113 1555 278 1636 ympheum
296 1552 435 1611 redditur.
453 1551 530 1611 Tam
553 1555 684 1611 vicinum
707 1554 767 1613 Ar·

81 1633 167 1697 seniae
177 1636 268 1695 fluere
279 1653 347 1693 eum
356 1634 386 1692 in
397 1632 516 1714 regione
526 1629 661 1692 Archene
671 1631 767 1694 Clau·

82 1717 149 1778 dius
160 1714 256 1778 Caesar
268 1713 367 1774 audior
379 1712 420 1773 est
427 1754 438 1786 ‚
449 1729 496 1786 ut,
508 1715 574 1773 cium
585 1715 745 1777 intumuere
753 1734 771 1789 ,t

80 1798 248 1868 confluant,
260 1816 316 1855 nec
335 1813 432 1855 tamen
454 1793 641 1856 misceantur:
653 1797 764 1873 levior·

81 1899 140 1961 que
159 1876 293 1938 Arsanias
310 1880 418 1939 innatat
431 1895 478 1936 lv.
500 1877 571 1936 miu.
587 1874 680 1936 serme
699 1877 763 1958 spa-

80 1963 143 2020 tio:
160 1979 233 2018 mox
248 1955 355 2017 divisus
373 1959 402 2016 in
420 1955 596 2035 Euphratem
614 1976 677 2017 mer
697 1960 768 2021 itur.·

80 2038 180 2121 Tigris
193 2054 290 2098 autem
311 2058 348 2097 ex
359 2035 513 2112 Armenii,
529 2038 655 2117 acceptis
666 1978 764 2100 sumi·

80 2118 167 2181 nibus
186 2119 267 2180 claris
281 2118 446 2189 Parthenii,
458 2137 492 2177 ac
520 2116 762 2199 Nicephorione,

80 2200 197 2263 Arabas
224 2197 342 2271 Oreos,
361 2196 538 2258 'Adiabenos
555 2219 591 2258 ue
615 2198 763 2262 distermi-

80 2303 174 2353 nans,
195 2283 228 2344 &
252 2300 339 2362 quam
368 2279 492 2339 diximus
553 2279 771 2359 escpotamiam·

80 2362 215 2434 faciens,
233 2358 354 2421 lustratis
378 2360 524 2420 montibus
541 2357 761 2441 Gordyaeorum

81 2446 161 2504 circa
181 2441 338 2523 Apamiam
351 2439 486 2501 Mesenen
498 2439 640 2520 oppidum
655 2485 665 2514 ‚
691 2444 762 2504 citra

81 2522 249 2584 Seleuciam
266 2520 459 2601 Babyloniam
484 2537 586 2581 cxxv.
603 2523 676 2583 mill.
712 2523 761 2584 ass.

81 2603 194 2666 divisus
211 2606 241 2661 in
260 2602 360 2661 alveos
377 2600 471 2674 duos,
490 2600 582 2662 altero
605 2607 677 2663 meri
699 2608 760 2665 iem

82 2706 117 2744 ac
127 2682 291 2744 Seieuciam
309 2682 381 2762 petit
391 2726 401 2755 ‚
411 2680 553 2753 Mesenen
565 2682 774 2764 perfundenst3

82 2767 178 2826 altero
195 2764 233 2823 ad
247 2762 483 2844 septemtrionem
503 2760 614 2835 flexus,
630 2764 774 2844 ejusdeni'-

79 2845 184 2933 genris-
194 2862 283 2925 tergo
303 2860 423 2924 campos
440 2839 573 2906 Cauchas
585 2843 673 2906 secat.
697 2845 774 2906 Ubi'

128 2928 230 2989 Tomus
247 2924 292 2986 11.
490 2960 497 2977 ·
543 2966 549 2974 ·
595 2921 623 2983 G
718 2960 721 2965 2
770 2946 775 2959 ·
