2004 3628
237 283 309 362 168
360 270 618 352 &Parnm
646 264 859 341 Nerua.

164 404 167 408 ’
238 420 347 469 conatu
365 395 613 465 εοητειιάυῃτ,,αε
624 386 871 472 praetereuntibus
879 373 947 446 'sni-

239 490 374 570 gittarum
387 476 530 541 venabula
545 471 682 554 infigunt,
697 471 767 541 mox
780 467 942 548 sanguinis

238 564 368 646 vestigiis
387 560 551 642 sequuntur.
569 552 795 633 Elephantorum
808 547 943 630 generis

239 645 357 710 feminae
374 642 466 703 multo
483 634 658 720 pavidiores.

282 723 336 787 lx.
354 743 383 803 9.
397 720 562 782 Domantur
571 732 668 775 autem
679 709 786 783 rabidi,
795 706 880 768 fame
894 705 941 768 Sc

240 804 428 873 verberibus,
448 799 605 880 elephantis
624 793 684 853 aliis
705 790 849 861 admotis,
875 787 939 868 qui

240 886 462 950 'tumultuantem
477 880 586 940 catenis
606 888 781 935 coerceam:
800 871 834 931 &
854 867 939 927 alids

239 972 321 1030 'eirca
341 967 434 1026 coitus
449 957 573 1021 maxime
594 947 939 1031 efferantur‚&stabula

241 1049 384 1114 indorum
415 1041 549 1103 dentibus
571 1035 712 1097 sternunt.
731 1030 937 1111 Quapropter

242 1136 343 1191 arcent
358 1147 410 1186 eos
428 1124 528 1195 coitu,
543 1117 775 1194 feminarumque
790 1111 938 1192 pecuaria

243 1209 398 1292 separapt,
412 1226 477 1287 quae
496 1217 544 1261 aut
561 1200 619 1261 alio
640 1195 751 1267 modo,
769 1192 858 1273 quim
877 1204 934 1250 ar·

245 1307 430 1356 mentorum,
449 1283 564 1344 habent.
581 1277 698 1340 Domiti
721 1273 867 1343 militant,
895 1271 934 1332 δι

246 1377 339 1432 'turres
352 1383 527 1428 armatorum
537 1364 568 1420 in
580 1356 675 1420 hostes
686 1354 800 1427 ferunt,
810 1350 935 1434 magni·

245 1472 248 1478 ‘
268 1471 305 1510 ue
328 1469 364 1510 ex
388 1464 471 1528 parte
488 1441 629 1505 rOrientis
653 1435 730 1497 bella
757 1431 934 1495 conficiunt.

244 1473 433 1595 grosternunt
454 1527 550 1597 acies,
567 1534 721 1603 proterunt
736 1531 871 1585 armatos.
891 1512 934 1573 Ii·

247 1613 318 1674 dem
330 1611 451 1672 minimo
466 1606 520 1668 suis
536 1601 658 1663 stridore
678 1613 841 1669 terrentur,
861 1593 935 1656 vui·-

245 1694 398 1772 neratique
414 1690 448 1749 &
470 1685 561 1748 territi
577 1699 655 1742 retro
671 1677 785 1759 semper
799 1674 933 1747 cedunt,

247 1771 326 1833 haud
344 1771 456 1829 minore
477 1767 600 1848 partium
612 1754 934 1840 suarumpernitie.ln'·

248 1851 348 1912 dicum
368 1847 434 1911 Afri
451 1861 578 1928 pavent,
594 1863 647 1903 nec
659 1840 793 1901 contueri
805 1837 932 1898 audent:

203 1990 206 1997 .
249 1951 320 1996 nam
339 1930 374 1991 δι
389 1925 485 2007 major
502 1925 607 1986 Indicis
623 1920 790 2003 magnitudo
807 1916 859 1979 est.
879 1921 882 1925 ’

235 2083 241 2095 s
291 2011 331 2073 X.
345 2029 390 2086 to.
400 2008 514 2070 Decem
525 2008 603 2066 annis
613 2000 722 2086 gestare
732 2003 762 2061 in
772 2017 857 2060 utero
867 1996 934 2058 vul*

248 2113 304 2176 gus
315 2088 467 2152 existimat:
476 2084 648 2149 Aristoteles
658 2081 795 2155 biennio,
810 2100 865 2140 nec
874 2092 935 2138 am·-

251 2173 328 2256 plius
337 2168 425 2252 quim
435 2169 579 2252 singuios:
593 2167 695 2225 vivere
706 2163 825 2231 ducenis
834 2161 933 2230 annis,

252 2254 288 2317 dt
309 2248 447 2335 quosdam
466 2250 599 2310 trecenis.
612 2244 848 2305 Juventaeorum
859 2237 935 2300 ase·-

252 2335 400 2417 xagesimo
420 2331 530 2412 incipit.
554 2326 693 2390 Gaudent
718 2321 846 2384 amnibus
869 2334 934 2380 ma·-

254 2415 350 2485 xime,
365 2415 400 2475 ὃ(
413 2413 489 2473 circa
500 2410 606 2470 fluvios
617 2423 776 2488 vagantur,
787 2406 853 2464 cum
863 2401 935 2462 alio‘-

253 2496 326 2577 quin
338 2513 406 2553 nare
421 2512 477 2574 pro
511 2511 542 2551 er
555 2509 602 2549 ma
641 2486 782 2546 itudinem
800 2484 934 2562 corporis

209 2586 212 2591 ⁴
254 2595 317 2636 uon
340 2574 459 2654 possint.
494 2572 573 2633 idem
623 2568 711 2649 ‘gotis
729 2565 932 2645 impatientes:

247 2656 411 2717 maximum
427 2652 485 2712 hoc
504 2651 629 2712 malum:
643 2643 880 2726 inflationemque
899 2644 933 2704 δι

253 2733 432 2816 profluvium
455 2733 531 2813 alvi,
548 2751 603 2791 nec
623 2728 678 2787 alia
694 2725 865 2787 morborum
881 2736 933 2807 ge²

249 2826 325 2892 nera
342 2813 476 2879 sentiunt.
500 2811 570 2878 Olei
590 2827 665 2895 potu
686 2807 765 2884 tela,
779 2828 846 2893 quae
864 2824 934 2899 cor-3

867 2906 935 2970 pon
