2004 3628
218 265 622 343 Hrsrort.Lib.V11.
686 289 756 362 ¹49

69 389 151 479 quim
174 403 247 450 ante
270 386 405 449 natalem.
426 386 538 449 Eadem
551 388 628 448 enim
642 389 757 463 vanitas
854 422 857 431 ·

70 471 96 531 'm
110 470 242 532 futurum
260 471 348 531 etiam
364 468 391 529 se
407 484 568 563 propagat,
587 468 620 530 &
633 469 662 528 in
671 489 757 530 mot·

71 553 160 692 iffl
161 574 182 613 ⁰
205 572 249 693 a}
264 548 659 691 ‘mititem
671 569 755 693 iii.

143 679 151 693 ·
653 672 663 702 s

70 710 364 795 transfigurationem,
375 709 443 770 alias
453 708 564 771 sensum
574 708 671 770 inferis
680 702 754 772 dam

72 791 123 866 do,
137 794 172 856 &
192 792 300 854 Manes
316 791 460 864 colendo,
475 791 623 872 deumque
645 789 754 853 facien·

72 871 124 945 do,
135 875 187 957 qui
204 872 265 955 jam
283 875 370 933 etiam
382 872 473 933 homo
484 870 540 934 effe
554 870 686 933 desierit:
697 891 753 935 ceu

71 954 139 1015 vero
159 954 224 1015 ullo
245 952 339 1015 modo
363 951 485 1035 spirandi
504 954 577 1014 ratio
600 951 713 1014 homini
735 973 754 1014 a

72 1035 174 1096 ceteris
191 1033 364 1097 animalibus
383 1032 483 1105 distet,
497 1051 547 1094 aut
563 1054 623 1096 non
643 1033 755 1096 diutur-

72 1115 147 1175 uiora
159 1117 190 1175 in
202 1115 267 1178 viti
282 1114 372 1176 miulta
382 1117 577 1197 reperiantur,
586 1114 690 1197 quibus
702 1133 755 1176 ne·

74 1214 119 1256 mo
130 1196 255 1257 similem
263 1195 376 1259 divinat
386 1196 640 1263 immortalitatem.
656 1193 754 1275 Quod

74 1291 163 1337 autem
186 1297 295 1360 corpus
313 1278 418 1338 animae
436 1297 489 1359 per
508 1275 558 1337 se?
580 1296 644 1358 quae
660 1292 755 1336 mate·

75 1356 125 1418 ria?
135 1359 184 1420 ubi
199 1359 340 1442 cogitatio
350 1357 417 1419 illi?
435 1357 589 1440 quomodo
598 1354 693 1419 viius?
703 1375 755 1416 au·

75 1436 168 1499 ditus?
188 1458 237 1501 aut
256 1438 307 1521 qui
324 1438 432 1520 tangit?
468 1440 497 1499 ui
515 1436 581 1499 usus
597 1435 683 1516 ejus?
703 1451 754 1498 aut

76 1519 148 1599 quod
163 1522 227 1582 sine
242 1519 287 1579 his
298 1518 429 1581 bonum?
441 1460 521 1658 {uae
534 1518 640 1578 deinde
652 1515 753 1591 sedes,

75 1616 210 1680 quantave
219 1599 376 1662 multitudo
392 1614 438 1659 tot
465 1598 561 1659 aeculis
577 1598 755 1673 animarutn,

75 1679 149 1741 velut
158 1678 514 1744 umbrammiPuerilium
523 1677 574 1739 ista
585 1677 755 1740 delinimen-

78 1772 180 1836 torum,
196 1762 351 1845 avidaeque
360 1781 518 1843 numquam
528 1760 661 1822 desinere
671 1779 753 1821 mor-

78 1842 182 1905 talitatis
201 1860 369 1906 commenta
384 1840 455 1904 sum.
472 1840 578 1904 Similis
598 1843 632 1904 &
651 1840 689 1902 de
701 1840 752 1901 ad·

78 1916 216 1988 servandis
236 1923 410 2005 corporibus
431 1922 649 1997 hominum,ac
672 1923 752 1982 revi-

77 2001 201 2067 vescendi
212 2002 349 2089 promiffa
363 2001 539 2065 Democrito
557 2004 686 2074 vanitas,
702 2002 752 2083 qui

76 2101 130 2143 non
142 2088 247 2149 revixit
263 2083 334 2167 ipse.
361 2083 439 2165 Quae
457 2083 607 2167 (malum)
621 2081 674 2144 ista
695 2083 751 2144 de·

78 2169 176 2229 mentia
189 2165 250 2242 est,
265 2167 360 2226 iterari
367 2169 459 2227 vitam
466 2165 581 2228 morte?
591 2184 695 2248 quaeve
723 2184 753 2226 e·

77 2245 136 2306 uitis
150 2251 235 2331 quies
255 2240 408 2328 umquam,
425 2249 449 2306 si
465 2250 494 2306 in
513 2245 626 2307 sublimi
655 2184 752 2306 senius

78 2328 170 2389 animae
189 2346 308 2401 manet,
321 2329 397 2387 inter
410 2325 519 2389 inferos
537 2324 664 2387 umbrae?
684 2323 751 2386 Per-

77 2401 115 2467 dit
123 2407 254 2488 proicite
265 2407 315 2469 ista
326 2407 453 2469 dulcedo
463 2403 671 2487 credulitasque
678 2426 750 2487 prac-

75 2486 185 2580 ciprum
205 2506 312 2550 nature
328 2488 462 2561 bonum,
486 2504 631 2549 mortem:
647 2507 681 2548 ac
696 2486 754 2549 du·

77 2564 155 2644 pluat
167 2571 288 2642 obitus,
314 2570 338 2630 si
357 2569 459 2631 dolete
475 2570 561 2631 etiam
659 2565 750 2629 futuri

76 2645 257 2713 aestimatione
274 2651 382 2712 evenit.
398 2648 514 2713 Etenim
528 2651 553 2712 si
592 2649 750 2713 uleevive-

78 2738 106 2784 re
123 2729 183 2808 est,
200 2734 248 2793 cui
265 2729 360 2812 potest
375 2729 430 2793 eise
444 2728 565 2795 vixiffe?
581 2732 624 2792 At
638 2727 749 2811 quanto

76 2800 176 2876 facilius
197 2810 372 2896 certiusque,
388 2813 542 2898 sibiquem
582 2809 750 2905 egredere,

601 2910 631 2969 ¹¹1
