1978 3610
208 276 286 355 ‘402-
341 259 377 329 C.
403 260 580 329 Prrrrrr
605 254 794 331 Nurun.

251 400 297 464 31.
314 375 423 438 Indicae
437 373 569 436 formica
580 395 704 446 cornua,
715 373 865 458 Erythris
876 378 909 442 in
977 438 978 457 ¹

206 461 270 527 ade
281 459 416 520 Herculis
432 454 489 517 fixa
499 499 509 528 ‚
520 457 662 518 miraculo
671 456 763 518 luere.
775 460 908 522 Aurum

207 561 245 603 ex
266 540 397 601 cavernis
411 553 530 621 egerunt
547 540 685 612 terrae,in
695 540 821 621 regione
837 540 909 623 sep·
977 538 978 587 ἒ

206 621 434 684 lemtrionalium
452 618 615 691 Indorum,
632 620 682 700 qui
704 617 820 680 Dardae
845 644 908 684 vo-
977 636 978 639 ¹

205 719 315 765 cantur.
325 700 399 783 ipsis
408 696 668 773 colorfelium‚ma
706 700 787 761 itudo
795 701 908 784 AEgy⁴

206 786 250 868 pti
269 784 414 865 luporum.
438 778 561 841 Erutum
582 778 639 839 hoc
715 783 749 840 iis
769 798 905 864 rempo-

206 885 240 928 re
257 864 402 933 hiberno,
431 859 496 921 Indi
514 859 641 920 furantur
666 858 767 922 aestivo
788 860 907 924 fervo·

207 966 258 1019 re,
276 944 400 1005 conditis
419 958 542 1025 propter
560 958 702 1023 vaporem
722 943 753 1002 in
771 945 902 1004 cunicu-

206 1025 254 1088 los
278 1023 429 1085 formicis:
451 1040 516 1106 quae
547 1038 644 1081 tamen
669 1021 765 1083 odore
785 1020 902 1084 sollici·

210 1100 627 1188 taraeprovnlant,crebr6que
640 1101 783 1177 lacerant,
834 1122 901 1165 am

207 1191 254 1250 vis
271 1184 484 1269 praevelocibus
504 1181 621 1244 camelis
631 1181 784 1265 fugientes.
826 1202 900 1246 anta

209 1270 361 1353 pernicitas
379 1263 533 1348 feritasque
554 1260 595 1324 est
613 1282 679 1324 cum
695 1278 796 1326 amore
821 1268 903 1329 auri.

250 1346 406 1411 XXXVIL
432 1365 479 1427 32.
497 1344 594 1405 Multa
615 1361 712 1405 autem
733 1344 841 1407 insetla
863 1349 899 1410 ὰ

208 1429 293 1491 aliter
314 1425 483 1499 naseuntur,
503 1443 532 1486 at
553 1445 590 1485 ue
610 1427 639 1485 in
656 1427 755 1506 primis
765 1446 802 1487 ex
813 1448 900 1490 rore.

210 1509 321 1573 insidet
336 1509 384 1569 hic
399 1506 517 1589 raphani
533 1447 611 1566 <iolio
637 1507 732 1588 primo
752 1527 844 1583 vere,
862 1508 899 1571 &

209 1589 336 1672 spill'atus
354 1586 423 1650 Sole
443 1589 474 1648 in
493 1587 719 1669 magnitudinem
747 1588 823 1650 milii
843 1610 900 1652 co·
976 1622 978 1628 ⁴

231 1675 296 1732 itur.
316 1668 388 1730 lnde
409 1668 563 1751 porrigitur
576 1669 752 1731 vermiculus
788 1689 897 1745 arvus,

210 1691 250 1816 dt
261 1751 356 1813 tridui>
375 1768 480 1810 eruca:
502 1768 567 1832 quae
583 1746 702 1831 adjudis
725 1690 829 1813 didus
846 1751 899 1812 ad·

211 1831 328 1904 crescit,
347 1828 527 1904 immobilis,
546 1829 619 1891 duro
637 1832 749 1892 cortice
764 1854 772 1893 ε
795 1828 836 1892 ad
851 1847 899 1892 ra-

211 1904 288 1975 uum
311 1914 422 1975 rantum
446 1927 602 1985 movetur,
623 1930 729 1972 araneo
754 1911 900 1986 adcreta,

233 2011 298 2053 uam
319 1990 522 2073 chrysallidem
540 1991 702 2073 appellant:
718 2010 804 2078 rupto
816 1994 903 2056 deiu-

209 2012 249 2135 de
268 2075 376 2133 cortice
393 2072 475 2134 volat
495 2073 613 2168 papilio.

225 2175 227 2180 ·
251 2150 421 2216 XXXVIll.
441 2173 489 2237 33.
510 2151 556 2215 Sic
576 2151 708 2236 quaedam
734 2173 772 2216 ex
796 2153 902 2219 imbre

210 2233 384 2378 generantur
401 2232 537 2295 intend:
552 2235 684 2318 quaedam
704 2236 737 2298 δι
753 2237 783 2296 in
800 2234 904 2320 ligno.

243 2337 276 2378 ec
292 2321 369 2380 enim
393 2317 468 2377 cossi
488 2318 644 2377 tantum‘in
662 2332 725 2391 eo,
742 2314 902 2380 sedetiam

211 2395 309 2458 rabani
326 2419 362 2459 ex
380 2414 417 2460 eo
440 2393 610 2460 nascuntur:
626 2398 659 2461 dt
674 2397 744 2473 alia,
763 2398 905 2461 ubicum-

210 2496 269 2560 que
283 2476 386 2539 humor
401 2476 443 2539 est
463 2479 587 2541 nimius:
607 2479 682 2540 sicut
701 2481 775 2539 intra
796 2478 902 2542 homi·

211 2577 281 2620 nem
300 2561 392 2620 taeniae
411 2557 560 2621 trecenfim
579 2560 710 2642 pedum,
734 2558 903 2646 aliquando

211 2640 247 2705 δι
289 2640 393 2699 lurlum
416 2639 606 2723 longitudine.

219 2726 237 2745 ’·
282 2716 392 2782 XXIX.
410 2718 472 2781 lam
491 2723 521 2781 in
539 2741 624 2783 tarne
642 2721 785 2797 exanimi,
798 2723 834 2786 δι
851 2723 903 2785 vi·

207 2803 342 2873 rentium
350 2800 901 2889 quoquehominumcapillotqulfoef
