1966 3618
216 313 287 368 200
336 266 373 363 C}
397 291 570 363 Purrm
587 294 775 364 Narve.

208 447 213 453 ·
254 412 302 475 Ll.
321 411 437 475 Cervos
466 410 567 472 Africa
591 414 814 494 propemodum
844 412 917 476 sola'

212 492 668 576 nongignitzdtchamaeleonem
676 492 925 577 &ipsa‚quam·.

211 594 300 656 quam
319 573 546 657 frequentiorem
564 572 663 635 Indiae.
675 573 830 657 Figura&
842 597 915 637 ma·

252 655 337 716 itudo
356 671 417 715 etat
437 657 552 725 lacerti,
570 656 626 715 nisi
640 675 722 715 crura
739 653 837 716 effent
859 677 912 718 re·

206 764 210 773 =
242 757 258 795 a
280 736 315 797 δι
333 735 499 797 excelsiora.
510 734 612 796 Latera
621 737 716 796 ventri
725 733 909 818 junguntur,

205 834 246 877 ut
260 815 402 898 piscibus,
414 818 447 879 &
462 815 541 898 spina
558 816 644 876 simili
660 816 752 876 modo
776 820 908 880 eminet·

206 894 365 969 Rostrum,
374 914 406 957 ut
413 899 444 956 in
452 918 560 978 parvo,
571 897 647 956 haud
655 896 785 956 absimile
795 894 904 958 suillo:

208 976 304 1037 cauda
339 992 342 997 ⁴
358 977 433 1038 aelon
453 980 513 1038 ain
532 979 702 1038 tenuitatem
725 976 905 1051 desinens,

205 1058 248 1119 r&
263 1060 323 1139 imp
334 1061 412 1118 icens
427 998 738 1140 {viperinisorbibus
754 1078 761 1116 :
782 1079 905 1140 ungues

206 1138 338 1200 adunci:
359 1156 456 1203 motus
477 1139 644 1212 tardior‚nt
659 1136 815 1199 testudini:
827 1161 904 1200 cor-

206 1239 268 1300 pus
286 1219 417 1300 asperum
424 1263 437 1292 ,
447 1240 502 1283 ceu
518 1220 669 1281 crocodilo
682 1218 785 1296 :foculi
798 1220 832 1278 in
850 1241 902 1282 re-

203 1298 291 1361 eeffu
309 1322 401 1373 cavo,
415 1303 493 1362 tenui
513 1299 675 1361 discrimine
690 1301 902 1383 praegrandes,'

202 1382 246 1444 ,&
263 1386 382 1463 corpori
397 1382 751 1462 concoloresrnumquam
761 1401 900 1464 eosope·

208 1465 249 1521 rit
261 1463 572 1545 rnecpuptltaemotu,
582 1461 631 1524 sed
640 1464 728 1522 totius
737 1461 816 1522 oculi
826 1483 900 1523 ver·

206 1542 323 1604 datione
356 1542 571 1626 circumaspicit.
594 1541 657 1626 Ipse
681 1540 771 1604 celsus
804 1541 899 1604 hianti

206 1623 327 1706 semper
339 1645 409 1698 ore,
421 1624 497 1685 solus
510 1626 677 1685 animalium
688 1643 742 1684 nec
756 1623 825 1684 cibo
837 1645 897 1685 nec

205 1722 286 1784 potu
295 1706 398 1778 alitur,
409 1727 463 1767 nec
478 1704 636 1788 alioquim
646 1707 719 1765 aeris
733 1703 896 1766 alimento:

207 1787 288 1843 circa
302 1783 457 1867 caprificos
469 1784 563 1860 ferus,
582 1788 715 1846 innoxius
727 1785 846 1867 alioqui
856 1784 896 1846 Et

206 1864 318 1934 soloris
338 1882 439 1926 nature
453 1867 632 1928 mirabilior:
655 1884 747 1926 murat
764 1886 895 1949 namque

205 1964 281 2006 eum
297 1944 434 2019 subinde,
449 1949 482 2009 δι
492 1948 605 2022 oculis,
618 1949 651 2010 δι
661 1945 769 2018 cauda,
783 1948 894 2008 &roto

205 2046 351 2107 corpore,
371 2028 522 2110 redditque
546 2025 659 2110 semper
676 2047 893 2111 quemcumque

205 2107 894 2190 »proximeattingimprseterrubtumcaudidum·

208 2204 278 2329 ape.
299 2185 452 2249 Defunno-
467 2190 562 2270 pallor
581 2188 633 2251 est.
657 2187 736 2250 Caro
748 2190 892 2272 incapite

205 2316 209 2324 .
264 2267 404 2343 maxillis,
421 2270 453 2332 δι
465 2270 502 2330 ad
519 2268 730 2332 commiffuram
742 2271 841 2332 caudae
852 2271 890 2331 ad

203 2349 334 2410 »modum
359 2352 478 2434 exigua,
494 2372 549 2412 nec
571 2350 638 2412 alibi
659 2367 724 2411 toto
744 2372 890 2432 corpore:

207 2425 321 2511 {augum
336 2431 366 2490 in
383 2432 493 2505 corde,
510 2433 544 2495 δι
558 2433 634 2492 circa
651 2431 890 2493 oculostamlrtu:

210 2507 320 2571 viscera
339 2513 400 2572 sine
419 2511 527 2594 splene.
539 2511 677 2579 Hibernis
690 2512 838 2575 mensibus
848 2511 892 2583 la·⁴

204 2604 273 2662 ret,
291 2606 323 2650 ut
342 2591 457 2654 lacerta.
510 2594 512 2599 ’
891 2596 897 2607 ’

250 2668 313 2731 Lll.
327 2692 374 2754 34.
386 2671 481 2734 Mutat
494 2674 650 2738 colores&
660 2672 836 2756 Scytharum
847 2691 889 2735 ta·

203 2750 330 2824 raudus,
342 2773 396 2814 nec
413 2754 490 2815 aliud
509 2774 553 2831 ex·
566 2757 675 2838 iisquae
695 2756 755 2837 pilo
766 2753 898 2817 vestino-⁷

210 2847 256 2894 rur
264 2876 276 2908 ,
292 2835 347 2909 nisi
360 2836 392 2909 in
406 2832 495 2900 ludiis
513 2837 640 2919 lycaon,
653 2839 700 2901 cui
716 2834 816 2919 jubata
832 2840 895 2899 nai
