1966 3618
220 246 314 323 Χηε)
363 222 401 297 C.
425 218 854 300 PrinrrNArun.

237 345 359 421 sederit,
374 361 471 425 partes
485 365 493 403 ε
517 342 550 404 &
567 343 592 401 si
605 339 722 403 'diutius
740 348 925 426 permaneat}
976 373 981 412 i

239 430 328 489 etiam
350 427 451 506 mergi.
484 422 608 483 Tiberio
635 426 794 505 principe,
821 445 922 487 contra
974 454 979 489 ι

235 507 440 589 Lugdunensis
459 505 617 584 provincie
634 505 699 563 litus
711 508 921 568 simultrecen·
978 540 981 573 ι

238 605 284 649 tas
305 588 427 667 amplius
444 584 553 644 belluas
580 587 765 666 reciprocans
795 586 919 647 destituit
977 621 981 651 τ

237 688 382 739 oceanus,
397 669 476 725 mirae
494 666 682 726 varietatis&
692 668 918 748 magnitudinis,
980 700 981 733 i

236 770 294 811 nec
314 750 464 830 pauciores
486 748 515 804 in
535 743 694 805 Santonum
714 746 816 810 litote:
830 751 917 808 inter·
969 782 981 815 ,t

261 852 297 890 ue
317 830 440 908 reliquas
461 826 693 907 elephantos,&
713 828 836 898 arietes,
854 848 916 888 can·
980 860 981 893 ς

237 851 312 970 dore
329 912 441 969 tantum
461 907 595 966 comibus
604 906 801 980 adsimulatis,
812 907 918 968 Nerei·
980 938 981 967 l

238 992 289 1050 das
310 991 383 1049 verb
403 988 517 1048 multas.
536 985 693 1047 Turranius
739 989 846 1049 rodidit
865 1009 914 1050 ex·
979 1020 981 1063 l

238 1068 348 1152 pulsam
366 1069 493 1128 belluam
511 1070 539 1126 in
557 1066 700 1128 Gaditana
716 1009 821 1140 litora,
834 1068 914 1148 cujus

230 1153 312 1212 inter
322 1150 391 1210 duas
424 1152 504 1208 intras
513 1149 621 1207 ultimae
633 1149 732 1207 caudae
745 1150 844 1210 cubita
856 1147 913 1209 sex·
980 1182 981 1217 t

233 1232 336 1292 decim
353 1170 484 1302 fuillent‚
496 1229 597 1288 dentes
616 1227 747 1306 ejusdem
764 1230 843 1291 exit.
858 1250 913 1290 ma·
980 1228 981 1239 ²

232 1315 307 1373 stimi
322 1312 505 1371 dodrantium
522 1307 676 1383 mensura,
699 1311 814 1370 minimi
831 1309 912 1387 semi·

277 1394 356 1453 dum.
380 1390 507 1460 Relluae,
531 1392 580 1450 cui
608 1390 755 1450 dicebatur
785 1394 912 1473 exposita

268 1472 317 1533 ille
335 1470 545 1545 Andromeda,
562 1468 620 1531 olla
637 1471 741 1531 Rornae
744 1517 756 1545 ,
766 1487 912 1553 apportata

235 1574 274 1616 ex
292 1554 404 1636 oppido
419 1551 526 1613 Jndaeae
544 1549 665 1632 Joppe,
688 1549 815 1612 ostendit
839 1555 911 1612 inter

233 1635 347 1716 reliqua
365 1633 503 1694 miracula
517 1635 547 1692 in
560 1632 702 1692 ¹aedilitate
712 1630 762 1692 sui
773 1632 818 1691 M.
827 1631 911 1694 Scau·

230 1735 305 1788 rus,
323 1714 501 1795 longitudine
517 1714 626 1794 pedum
638 1729 689 1773 xi..
704 1712 851 1774 altitudine
863 1735 910 1774 co·

231 1793 348 1855 {tarum
359 1792 476 1854 indicos
488 1793 532 1853 ele
554 1795 656 1853 hantos
666 1793 846 1870 excedente,
857 1792 910 1875 spi·

231 1896 281 1936 nae
301 1875 488 1935 crassitudine
497 1816 696 1957 sedpuipedali.

104 2014 106 2017 .
233 1995 237 2003 ›
275 1954 315 2016 V.
332 1956 361 2016 6.
377 1955 499 2016 Ralaenae
516 1956 549 2016 δι
567 1953 714 2015 innostra
724 1958 812 2016 maria
823 1962 908 2037 perte·¹
966 2008 969 2013 .

162 2036 190 2076 ³*
231 2051 316 2096 mant.
338 2035 372 2094 ln
385 2035 530 2096 Gaditano
551 2056 663 2097 oceano
680 2057 742 2097 non
759 2054 825 2098 ante
840 2038 907 2097 bru·

231 2135 311 2176 mam
334 2113 461 2196 conspici
485 2136 533 2175 eas
558 2116 690 2190 tradunt,
706 2118 794 2178 condi
812 2136 906 2178 autem

228 2193 309 2256 {latis
324 2195 505 2277 temporibus
519 2199 549 2255 in
568 2196 697 2278 quodam
716 2200 778 2258 sinu
794 2198 906 2279 placido

228 2277 264 2338 ἃ
278 2279 392 2358 capaci,
408 2278 479 2338 ntird
493 2277 700 2418 gaudentesibi
711 2299 819 2358 parere.
839 2278 906 2339 Hoc

228 2355 417 2432 scire-orcas,
433 2356 492 2417 infe
517 2358 614 2417 ambis
623 2358 769 2431 belluam,
782 2361 815 2421 δι
826 2358 905 2438 cujus
931 2428 942 2437 ἱ

227 2438 328 2517 imago
341 2439 419 2498 nulli
435 2436 683 2520 repraesentatione
700 2442 823 2521 exprimi
838 2460 904 2535 pos·

208 2517 268 2576 sit
285 2516 359 2591 alii,
374 2518 459 2598 quim
479 2521 569 2578 carnis
595 2518 742 2581 immensae
771 2521 903 2582 dentibus

228 2596 403 2658 nuculeum.
421 2597 587 2680 Inrumpunt
598 2620 668 2682 ergo
685 2604 714 2660 in
728 2600 854 2678 secreta,
870 2621 903 2660 ac

228 2675 904 2767 vitulosearum,autfetusaeletiamnumgra·

225 2757 311 2831 yidas
339 2758 483 2825 lancinant
502 2760 623 2835 morsu,
644 2762 901 2906 imffluquegceu

743 2864 903 2907 urmcarum
