2014 3624
229 260 452 336 Hrsron.
472 260 545 336 Lib.
566 262 643 337 VII.
719 258 764 363 85
788 282 791 289 '

77 379 232 455 lacrimas,
252 383 284 444 &
297 382 347 441 has
366 382 500 462 protinus
520 383 588 444 vitae
610 383 767 464 principio«

80 463 126 523 At
145 464 275 524 hercules
296 461 383 532 risus,
400 484 517 544 praecox
531 464 579 524 ille
600 466 632 526 bt
651 463 765 524 celerri-

79 565 150 619 mus
156 589 171 616 ‚
186 561 247 605 ante
267 543 519 626 quadragesimum
538 544 614 605 diem
626 544 695 611 nulli
710 544 766 605 da-

80 640 140 686 tur.
162 625 208 684 Ab
227 626 282 684 hoc
302 626 374 683 lucis
391 624 574 697 rudimento,
588 645 652 705 quae
666 646 703 686 ne
715 624 762 686 fe-

20 744 21 747 =
81 726 127 764 ras
141 705 258 785 quidem
271 708 348 765 inter
365 725 421 764 nos
439 707 567 787 genitas,
581 705 695 765 vincula
711 725 761 766 ex·

82 787 210 866 cipiunt,
222 786 254 846 &
270 786 402 846 omniunt
421 784 621 846 membrorum
649 796 760 847 nerusr

80 865 181 946 itaque
198 865 317 926 feliciter
332 882 415 925 natus
434 863 528 938 ἐπεῖ,
549 866 680 927 manibus
707 887 763 948 pe-

81 945 223 1028 dibusque
252 945 410 1019 densetis,
432 888 510 1007 ileos
529 947 634 1007 animal
657 950 762 1008 ceteris

81 1028 306 1106 imperaturum:
321 1028 355 1088 &
373 1044 391 1085 a
405 1025 549 1109 suppliciis
565 1029 657 1088 vitam
668 1025 762 1108 auspi·

82 1123 182 1180 catur,
196 1129 282 1168 unam
297 1109 407 1167 tantiam
422 1109 464 1167 ob
481 1108 526 1168 cul
548 1128 613 1183 arn,
625 1110 693 1190 quia·
710 1129 762 1168 na·

83 1203 148 1246 turn
169 1186 218 1249 est.
238 1188 304 1249 Heu
321 1188 495 1248 dementiam
553 1189 598 1248 his
607 1191 694 1248 initiis
704 1190 763 1249 exi⁴

83 1266 256 1328 {limantium
272 1268 310 1328 ad
330 1267 492 1407 superbiam
503 1267 533 1328 se
549 1270 682 1350 genitos!

61 1345 66 1353 ⁴
94 1348 217 1409 ·'Prima
230 1350 344 1410 roboris
371 1365 445 1429 pes,
450 1351 634 1431 primumque
646 1366 762 1429 tempo·

84 1428 123 1488 tis
132 1451 233 1494 munus
244 1429 424 1512 quadrupedi
436 1431 559 1492 similem
570 1429 646 1490 facit.
658 1428 769 1508 Quan·’

83 1509 125 1570 do
142 1509 399 1571 bominiinceffus?
409 1511 526 1591 quando
544 1511 629 1571 vox?
644 1510 762 1590 quando

83 1589 198 1652 firmum
215 1593 285 1652 cibis
303 1591 362 1652 os?
381 1590 520 1673 quamdiu
541 1589 681 1670 palpitans
696 1609 765 1649 ver·
790 1653 793 1658 ,

83 1687 152 1745 tex,
171 1672 287 1733 summae
304 1674 381 1732 inter
405 1669 505 1732 cundia
522 1669 653 1730 animalia
670 1670 765 1729 imbe-

85 1754 205 1819 cillitatis
222 1752 380 1814 indicium?
390 1750 454 1813 Jatn
462 1752 573 1825 morbi,
584 1767 629 1813 tot
651 1771 689 1812 ue
700 1770 763 1812 me·

84 1834 183 1895 dicinae
196 1851 296 1895 contra
308 1832 382 1892 mala
391 1835 579 1915 excogitatae,
593 1772 679 1893 &liae
690 1852 763 1913 quo⁴

83 1935 139 1995 que
159 1914 278 1976 subinde
293 1914 469 1974 novitatibus
479 1912 570 1975 vitta.
580 1910 687 1972 Cetera
699 1910 764 1972 sen·

83 1999 134 2056 tite
151 2013 282 2056 naturam
296 1993 388 2068 suant,
402 1993 458 2052 alia
469 1994 669 2075 pernicitatem
681 1990 763 2051 usur·

82 2095 169 2156 pate,
187 2077 241 2136 alia
255 2091 397 2158 praepetes
406 2074 603 2148 volatus,alia
617 2093 697 2134 nate:
706 2073 763 2133 bo-

83 2160 192 2217 minem
208 2155 278 2217 scire
290 2155 360 2215 nihil
376 2157 437 2216 sine
455 2153 600 2230 doiltinb,
617 2174 677 2215 non
691 2153 763 2226 fari,

82 2258 140 2298 aon
159 2237 290 2320 ingredi,
307 2256 367 2296 non
386 2234 482 2298 vesci:
500 2236 683 2317 breviterque
701 2255 765 2295 non

82 2317 160 2379 aliud
180 2335 288 2378 naturae
309 2315 431 2398 sponte,
449 2315 537 2399 quim
557 2316 637 2376 flere.
658 2313 763 2396 Itaque

82 2400 164 2460 multi
185 2397 338 2472 exstitere,
361 2400 490 2478 quinon
514 2394 593 2456 nasci
618 2396 764 2478 optimum

81 2478 248 2551 censerent,
268 2494 316 2538 aut
337 2477 425 2558 quim
446 2477 581 2536 ocissime
603 2475 722 2537 aboleri.

118 2560 183 2622 Uni
212 2559 401 2619 animantium
427 2554 516 2616 luctus
537 2554 579 2617 est
596 2556 698 2630 datus,
711 2557 764 2617 uni

81 2640 212 2712 luxuria,
232 2640 266 2701 &
282 2639 399 2720 quidem
418 2637 670 2698 innumerabilibus
696 2658 766 2699 mo*

81 2721 142 2795 dis,
162 2742 199 2780 ac
214 2741 269 2802 per
287 2721 396 2814 singula
414 2720 554 2780 membra:
566 2720 617 2778 uni
626 2717 765 2792 ambitio,

81 2805 130 2881 turi
143 2802 284 2873 avaritia,
292 2818 342 2859 um
359 2796 496 2861 immensa
505 2800 626 2862 vivendi
639 2799 768 2879 cupido,

682 2902 683 2925 l
