1978 3610
170 218 263 322 '37⁶
307 220 806 296 aprrrrrrrarva.

186 346 318 406 inertiam
326 356 428 405 notant
433 338 593 422 ,castigant
602 343 896 424 mox,&punimf

169 440 290 487 morte.
307 420 384 483 Mira
404 421 554 481 munditia.
569 421 759 485 Amoliuntur
772 427 895 485 omnia

186 526 205 566 e
224 503 345 575 medio,
362 502 505 583 nullaeque
527 503 602 562 inter
621 523 712 584 opera
730 502 893 584 spurcitia
985 508 986 531 *

185 582 290 666 jacent.
314 581 398 663 Quin
421 583 662 643 &excrementa
686 586 892 664 operantium

184 666 283 738 intus,
297 683 335 723 ne
350 664 462 744 longiis
483 662 640 736 recedant,
653 683 740 725 unam
759 685 893 747 conge·

161 744 230 807 ¹sia
250 747 281 804 in
302 744 419 818 locum,
442 742 563 802 turbidis
593 742 695 803 diebus
716 744 749 805 &
769 748 889 826 operis

187 827 251 887 otio
272 840 400 907 egerunt.
420 820 498 884 Ciam
523 822 754 904 advesperascit,
772 825 804 883 in
826 825 886 884 al-

187 926 248 969 veo
267 904 395 985 strepunt
413 904 509 963 minirs
526 924 560 964 ac
577 905 689 978 minias,
709 903 885 965 donecuna
986 974 987 979 η

88 1046 92 1060 ,
184 984 377 1048 circimvolet
394 984 517 1058 eodem,
529 1004 588 1065 quo
608 986 767 1058 excitavit,
786 986 883 1046 bom·

183 1066 229 1128 bo
241 1111 252 1140 ‚
264 1087 319 1127 cett
329 1067 456 1147 quietem
475 1085 579 1144 capere
591 1066 755 1145 imperans:
766 1066 800 1127 &
812 1066 878 1126 hoc

184 1145 346 1209 castrorum
355 1165 447 1207 more.
459 1143 545 1205 Tunc
557 1145 678 1227 repente
685 1166 791 1207 omnes
800 1166 877 1207 con·

162 1282 164 1287 .
191 1226 357 1289 ticescunte

186 1348 192 1355 ·
234 1328 281 1370 11.
299 1306 415 1369 Domos
424 1306 551 1388 primiani
565 1307 662 1388 plebei
672 1305 855 1368 exaedificant
860 1318 877 1380 ,⁸

183 1388 296 1451 deinde
313 1389 436 1470 regibus.
448 1385 477 1447 Si
486 1386 614 1467 speratur
628 1386 733 1470 largior
746 1406 877 1470 proven·

182 1484 259 1542 tus,
273 1467 446 1550 adjiciuntur
461 1468 654 1529 contubernia
664 1471 698 1530 &
714 1466 799 1529 sucis.
816 1468 877 1530 Hae

187 1551 330 1612 rellatum
340 1551 484 1622 minimae,
495 1548 545 1609 sed
557 1551 612 1630 ipsi
621 1547 748 1627 majores
760 1548 877 1631 apibus.

231 1630 283 1692 XL
305 1629 378 1691 Sunt
397 1646 496 1691 autern
510 1627 588 1704 suti,
605 1631 667 1690 sine
684 1630 785 1691 aculeo
795 1673 806 1702 ‚
818 1650 878 1691 ve·

187 1711 233 1772 -lut
245 1709 420 1792 imperseiiae
431 1730 499 1791 apes
509 1757 517 1780 ,
527 1712 771 1792 novissimaeque,
786 1731 804 1769 a
815 1709 876 1771 fes·

187 1794 234 1853 «εἰς
245 1794 278 1855 &
292 1792 350 1873 jam
361 1793 489 1852 emeritis
501 1791 662 1865 inchoate,
677 1790 819 1853 serotinus
830 1789 877 1851 fe·

147 1912 149 1917 ‹
183 1884 238 1934 ·tu‘s
256 1919 265 1944 ,
286 1875 318 1935 &
341 1874 422 1955 quasi
449 1871 565 1932 servitia
587 1892 724 1933 verarum
753 1873 877 1952 apium:

191 1954 383 2035 quamobrem
392 1951 879 2035 imperantiis‚pritnosqueinope·

183 2054 224 2092 ·ra
244 2034 409 2114 expellunt,
423 2033 569 2094 tardantes
579 2032 878 2172 sitreclementiipu·

154 2110 160 2115 ’
183 2113 281 2173 jniunt.
303 2112 409 2204 Neque
422 2115 452 2173 in
464 2133 554 2196 opere
567 2113 696 2184 tantiam,
711 2111 761 2175 sed
771 2116 800 2175 in
825 2130 876 2174 eta

184 2213 310 2276 quoque
328 2194 544 2273 adjuvantem,
560 2193 684 2255 mutim
697 2194 735 2256 ad
746 2195 877 2256 calorem

192 2273 360 2337 conserente
377 2275 471 2335 turba.
491 2272 581 2336 Certi
595 2275 655 2357 qub
665 2272 759 2356 major
770 2295 877 2336 eorum

190 2353 249 2415 suit
264 2355 437 2429 multitudo,
448 2355 506 2416 hoc
526 2354 619 2434 major
637 2353 688 2416 fiet
708 2357 878 2417 examinum

185 2455 363 2516 proventus.
384 2433 463 2497 Cittn
476 2435 563 2496 mella
579 2433 882 2517 coeperuntmatures·

187 2534 279 2584 rere,
296 2517 412 2599 abigunt
432 2537 483 2577 eos
496 2538 503 2575 :
518 2517 674 2597 multaeque
685 2516 816 2599 singulos
824 2516 882 2577 ad-

186 2592 290 2677 ‹gressae
310 2598 458 2657 trucidant.
476 2596 541 2657 Nec
553 2596 583 2656 id
602 2616 709 2678 genus,
720 2600 776 2657 nisi
785 2617 879 2670 vere,

193 2674 268 2737 tons
283 2677 374 2736 initur.
394 2676 488 2736 Fatus
504 2677 882 2756 ademptisalisinairtum

185 2696 315 2840 tapsus
326 2754 417 2841 ,ipse
438 2758 540 2824 ceteris
553 2756 664 2833 adiurit.
