2004 3628
239 195 459 311 Hieron,
485 236 556 311 lib.
582 239 659 313 Vll.
713 260 793 334 ’ψ

20 392 25 420 ;
101 358 246 441 stnguine,
260 380 297 420 ac
314 361 417 441 patrie
435 361 652 441 oppugnatione
666 356 793 440 adopta·

20 442 26 497 ζ
102 457 165 500 tuni.
183 440 220 501 Et
248 440 367 522 quibus
387 439 531 501 felicitatis
550 439 681 501 inducias
706 460 794 522 ergu-

20 520 25 530 “
100 521 218 583 mentis?
246 518 341 604 quod
368 520 551 604 proscribere
570 538 615 581 tot
639 519 729 582 millia
750 522 794 583 ci·

102 605 174 661 vium
193 622 227 661 ac
249 601 406 663 trucidare
425 599 569 682 potuisset.
590 598 621 661 O
641 623 730 684 prava
746 603 793 663 in·

101 684 285 763 terpretntio‚
322 684 361 745 δι
388 679 485 742 futuro
514 699 646 764 ternpore
672 681 791 747 infelix!

102 760 165 822 Non
174 764 313 824 melioris
332 761 420 823 sortis
438 780 506 823 tunc
524 762 606 824 suere
620 780 792 845 pereuntes,

103 863 218 923 quorum
249 841 431 904 miseremur
454 842 565 918 hodie,
593 846 663 905 clim
685 841 792 907 Sullam

103 943 184 984 nemo
206 945 271 986 non
294 924 416 985 oderit?
432 923 519 1006 Age,
537 946 598 986 non
618 927 710 986 exitus
722 927 793 987 vite

105 1000 180 1082 ejus,
202 1007 348 1066 omnium
370 1003 595 1086 proscriptorum
614 1005 722 1068 abillo
741 1028 793 1069 ca-

106 1082 220 1146 lamitate
245 1085 404 1147 crudelior
419 1085 493 1159 suit,
512 1088 655 1148 erodente
677 1087 707 1148 se
725 1084 791 1170 ipso

103 1184 137 1226 co
188 1187 239 1240 re,
252 1169 289 1230 &
303 1166 446 1248 supplicia
457 1166 512 1227 sibi
526 1168 680 1250 gignente?
693 1166 790 1246 Quod

104 1262 133 1305 ut
162 1248 393 1320 'ssimulaverit,
405 1249 438 1311 &
451 1246 586 1329 supremo
605 1246 719 1310 somnio
730 1246 792 1329 ejus

107 1323 172 1406 (cui
185 1330 370 1390 immortuus
392 1328 612 1411 quodammodo
622 1327 684 1411 est)
696 1329 793 1390 creda·

109 1426 185 1482 mus,
200 1411 236 1470 ab
252 1431 323 1470 uno
342 1409 394 1471 illo
414 1410 553 1470 invidiam
565 1410 659 1492 glorii
676 1409 792 1475 vittam

108 1485 262 1551 hortamen
272 1511 388 1572 nempe
397 1488 524 1550 felicitati
533 1490 589 1552 suae
598 1489 717 1551 definisse
726 1513 793 1552 con·

110 1565 186 1708 segue
205 1572 266 1645 est,
287 1570 374 1655 quod
391 1567 572 1653 Capitolium
592 1591 654 1631 non
674 1571 795 1641 dedicaq

110 1668 139 1711 'n
159 1668 195 1711 et.
663 1666 666 1671 '

146 1730 235 1794 XLV.
253 1731 391 1813 Quintus
403 1731 544 1796 Metellus
553 1733 584 1795 in
594 1732 628 1795 ei
639 1735 793 1806 oratione,

113 1828 192 1949 pram
211 1814 316 1876 habuit
338 1813 478 1897 supremis
497 1814 628 1876 laudibus
645 1814 791 1897 patrissui

136 1936 144 1951 .
160 1892 293 1969 Metelli,
310 1895 471 1977 pontilicis,
488 1896 533 1956 bis
544 1895 685 1971 consulis,
701 1895 794 1958 dieln-

42 1994 46 2003 ·
115 1975 207 2048 toris,
236 1975 366 2058 magistri
391 1978 543 2059 equiturn,
587 1976 792 2039 uindecimviri

116 2055 183 2133 agris
205 2055 327 2132 dandis,
343 2059 392 2140 qni
420 2059 528 2139 primus
557 1997 727 2140 elephantos
754 2078 793 2120 ert

116 2135 204 2272 primo
221 2137 334 2200 Punico
360 2138 440 2200 bello
467 2140 549 2200 duxit
575 2142 606 2199 in
626 2140 793 2223 triumpho,

108 2216 246 2296 criptum
269 2219 404 2302 reliquit,
425 2221 556 2282 “decern
583 2222 722 2285 maximas
744 2241 793 2282 nes

116 2316 134 2351 n
146 2298 340 2382 optimusque,
354 2302 385 2360 in
396 2302 500 2382 quibus
511 2301 672 2383 querendis
681 2298 793 2383 sapien·

116 2397 134 2432 η
147 2391 189 2438 tes
199 2398 315 2442 aetatem
323 2383 488 2464 exigerent,
498 2378 704 2443 consummasse
715 2384 794 2445 eitm.

117 2454 796 2542 »Voluiffeenimprtmariumbellatoremefse‚

119 2543 292 2621 »optimum
304 2560 471 2619 oratorem,
494 2542 681 2606 fortissimum
697 2547 794 2627 impe-

118 2638 136 2674 t>
147 2638 292 2695 retorem,
310 2623 434 2706 euspicio
451 2623 501 2687 suo
521 2629 658 2687 maximas
676 2646 724 2686 res
745 2644 792 2705 gt·

111 2719 137 2754 -n
150 2703 191 2774 ri,
205 2705 335 2764 maximo
350 2704 462 2767 honore
479 2708 538 2782 uti,
553 2706 666 2771 summe
676 2704 796 2785 sapien·

115 2781 184 2851 itii
195 2782 252 2847 effe
263 2828 275 2858 ‚
286 2783 426 2849 summum
442 2785 733 2928 senatorempalrerss
744 2800 799 2866 pe·

644 2885 674 2942 Vl
