2004 3628
258 310 325 362 122
376 288 413 358 C.
436 288 837 359 PttnrrNrrrur.

254 408 453 473 Mithridatico
469 405 550 468 bello
567 405 721 467 intraturus
734 405 888 469 Posidonii
903 405 941 470 sas

254 492 372 576 pientiae
386 486 575 629 professione
603 487 672 548 clari
695 488 843 563 domum,
863 489 941 551 sores

255 572 368 654 percuti
407 590 423 630 e
440 589 522 630 more
534 589 551 627 a
562 567 662 628 lislore
672 570 788 630 vetuit:
805 568 942 632 &fasces

255 655 404 715 literarum
423 650 516 732 januae
533 648 664 710 submisit
674 652 714 722 is,
728 652 776 710 cui
787 647 816 710 se
829 649 939 712 Oriens
982 648 983 671 ;

256 730 462 813 Occidensque
483 729 657 792 submiserat.
673 728 750 792 Cato
773 730 941 806 censorius,

255 818 287 877 in
297 816 346 876 ills
357 813 448 874 nobili
465 813 552 872 trium
568 811 596 871 sa
617 813 711 872 ientiae
733 832 891 892 procerum
905 812 938 875 ab

255 832 655 977 Athenislegatione‚audito
665 890 942 976 Cameade‚quarn·

255 980 384 1063 priminn
400 977 427 1037 le
449 994 512 1043 atos
534 994 585 1036 eos
604 972 713 1034 censuit
730 973 939 1048 dimittendos,
982 996 983 1009 ³

256 1060 394 1141 quoniam
413 996 465 1117 iso
481 1057 548 1117 viro
566 1056 802 1139 argumentante,
813 1056 885 1136 quid
894 1074 940 1115 ve·
982 1050 983 1111 ff

256 1141 282 1199 ri
297 1137 366 1200 esset
381 1137 458 1198 baud
472 1134 559 1197 facile
577 1135 698 1197 discerni
708 1133 812 1217 pollet.
822 1135 940 1216 Quanta
982 1178 983 1183 η

255 1238 373 1283 tuorum
393 1217 601 1280 commutatio?
618 1215 671 1276 llle
692 1215 806 1299 semper
816 1218 873 1279 alio
894 1218 938 1276 uin
982 1220 983 1285 l

256 1299 405 1362 universos
423 1320 461 1360 ex
480 1298 562 1359 Italid
577 1297 729 1379 pellendos
744 1296 856 1358 censuit
864 1240 940 1358 (irae-

257 1402 330 1443 cos:
350 1398 378 1442 at
397 1398 545 1461 pronepos
572 1377 636 1459 ejus
664 1378 814 1440 Uticensis
847 1377 937 1451 Cato,

258 1483 350 1523 unum
373 1477 409 1522 err
428 1460 574 1521 tribunatu
583 1458 938 1542 militumphilospphum,
982 1456 983 1535 Ῑ

258 1541 382 1606 alterum
401 1562 438 1603 err
457 1539 573 1624 Cypriis
593 1541 738 1622 legatione
764 1540 938 1623 deportavit.

259 1620 458 1705 Eandemque
479 1623 605 1705 linguam
625 1642 662 1682 ex
681 1617 795 1683 duobus
821 1620 940 1684 Catoni·

259 1706 331 1775 bus,
348 1708 376 1764 in
394 1704 446 1764 illo
466 1702 617 1782 abjecisse,
634 1705 664 1763 in
682 1704 740 1763 hoc
759 1701 938 1784 importasse,

259 1784 448 1847 memorabile
462 1782 514 1845 est.
530 1782 589 1845 Sed
603 1787 636 1849 δι
645 1782 811 1846 nostrorum
821 1785 938 1868 gloriam

260 1864 489 1950 percenseamus.

303 1948 385 2010 Prior
410 1945 564 2007 Africanus
584 1945 628 2026 Q.
648 1945 732 2007 Ennii
755 1944 878 2008 statuam
901 1942 939 2006 se·

260 2029 365 2110 pulcro
384 2027 435 2088 suo
455 2029 567 2111 imponi
584 2028 864 2109 jussittclarumque
873 2024 938 2088 illud

260 2128 387 2187 nomen,
400 2110 493 2169 immo
512 2110 586 2169 verb
602 2106 725 2189 spolium
745 2129 781 2169 ex
800 2110 887 2170 tertii
897 2128 939 2167 or·

260 2192 306 2252 bis
324 2206 405 2272 parte
427 2206 559 2272 raptum,
571 2191 601 2250 in
614 2192 711 2252 cinere
727 2188 866 2272 supremo
878 2207 938 2252 curn

262 2291 361 2355 poetae
378 2271 465 2333 titulo
486 2271 553 2354 legi.
625 2291 628 2295 ’

264 2384 268 2391 ·
304 2352 402 2414 Divus
432 2350 578 2435 Augustus
605 2353 730 2413 carmina
743 2350 863 2434 Virgilii
882 2370 939 2413 cre·

263 2437 336 2495 mari
352 2450 453 2495 contra
467 2430 631 2494 testamenti
649 2432 713 2514 ejus
735 2433 938 2495 verecundiam

262 2516 370 2575 vetuit:
381 2512 528 2596 majusque
539 2517 578 2574 ita
592 2517 653 2575 vati
665 2512 866 2577 testimonium
878 2533 940 2575 con·

262 2596 350 2677 tigit,
386 2595 452 2656 uim
472 2600 496 2655 si
508 2593 568 2676 ipse
581 2593 630 2655 sua
648 2593 836 2676 probavisset.

306 2675 351 2737 M.
399 2678 507 2735 arronis
524 2679 553 2736 in
570 2676 939 2758 bibliotheci‚quaeprirnt

263 2753 296 2817 in
314 2756 385 2817 orbe
406 2757 442 2817 ab
459 2756 563 2818 Asinio
581 2757 713 2818 Pollione
738 2776 775 2816 ex
802 2755 938 2818 manubiis

261 2837 409 2923 publicata
427 2838 531 2930 Romae
550 2837 940 2928 ell‚itniusriventispositt
