1966 3618
110 287 184 369 228
233 288 268 363 C.
289 277 491 360 P'zr'rtrr
518 278 727 360 Nason.

114 415 179 498 quis
197 407 404 494 adprehensam
420 428 456 468 ex
470 427 558 491 grege
578 429 665 469 unam
682 405 843 488 traha&

114 512 220 557 ceterae
239 492 384 573 stupentes
406 489 540 570 (pediam.
561 487 597 549 ld
617 492 705 550 eriam
723 511 830 551 eve·-

114 578 199 648 nite,
218 576 286 634 cum
302 570 455 655 quamdam
468 569 585 630 herbam
600 571 694 651 aliqua
706 591 742 630 ex
752 573 820 632 eis

114 653 316 720 momorderit.
331 650 446 712 Morsus
465 671 563 710 earum
582 652 679 711 arbori
696 653 814 711 exitia-

115 737 161 800 lis.
176 734 297 797 Olivam
308 730 461 793 lambendo
480 751 598 812 quoque
615 729 740 791 sterilem
751 730 810 791 ia-

115 819 217 890 ciunt,
235 817 327 896 eique
342 832 380 873 ex
398 811 483 873 causi
500 810 645 874 Minervae
661 833 722 872 nou
741 813 805 874 im·

115 897 272 962 moluntur.
556 946 561 954 ,

159 972 309 1038 LXXVII.
332 992 379 1055 5¹·
399 972 480 1033 Suilli
496 971 794 1054 pecorisadmit'suraa

115 1056 249 1121 Favonio
271 1055 307 1114 ad
327 1054 529 1136 aequinodlium
548 1075 690 1115 vernum:
709 1071 797 1129 mas,

116 1136 223 1200 ottavo
242 1132 363 1196 mense:
422 1134 551 1194 ibusdam
568 1137 598 1193 in
618 1136 689 1195 loeis
709 1137 797 1197 etiam

118 1236 242 1301 quarto,
259 1214 348 1297 usque
364 1157 553 1276 aduaetavum
569 1236 685 1276 annum.
697 1214 797 1277 Partus

117 1299 165 1361 bis
174 1319 249 1359 anno
262 1321 268 1358 :
281 1315 395 1377 tempus
410 1314 494 1356 utero
504 1311 627 1377 quatuor
638 1298 798 1357 mensium:
855 1314 864 1323 ’

117 1399 256 1443 numerus
268 1376 450 1437 fecunditatis
465 1377 502 1435 ad
516 1378 654 1437 vicenos:
666 1374 717 1436 sed
730 1378 800 1438 edu·

117 1480 184 1521 aare
196 1477 255 1519 tam
272 1457 377 1518 multos
396 1474 554 1540 nequeunt.
566 1456 682 1517 Diebus
693 1457 800 1519 decem

118 1543 196 1602 eirca
216 1542 349 1600 brumam
364 1537 457 1599 statim
481 1537 612 1597 dentatos
628 1536 722 1613 nasci,
745 1537 801 1599 Ni-

118 1621 214 1704 gidius
225 1620 320 1681 tradit.
338 1617 495 1700 Implentur
514 1636 573 1677 uno
594 1622 690 1691 coitu,
702 1622 753 1701 qui
765 1621 800 1683 &

117 1704 282 1843 geminatur
305 1716 424 1782 propter
447 1697 612 1759 facilitatem
636 1700 800 1762 aboriendi.

149 1781 316 1852 medium,
341 1800 377 1840 ne
398 1779 491 1860 primi
511 1777 679 1853 subatione,
700 1802 800 1865 neque

118 1878 187 1922 ante
205 1861 337 1921 flaccidas
355 1881 437 1920 aures
454 1862 546 1921 coitus
557 1860 615 1922 fiat.
628 1860 726 1921 Mares
737 1884 800 1924 non

118 1942 195 2004 ultra
215 1944 360 2003 trimatum
377 1956 523 2024 generant.
534 1940 801 2004 Peninaeseneuu-

118 2038 150 2082 te
167 2021 264 2092 feffae,
287 2022 422 2082 cubantes
443 2038 559 2083 coeunt.
575 2020 710 2084 Comelle
721 2021 801 2086 fetus

117 2102 180 2174 his,
196 2122 255 2161 non
271 2100 312 2160 est
331 2103 505 2183 prodigium.
524 2100 587 2162 Suis
604 2102 679 2163 fetus
695 2102 801 2166 sacrifi·

118 2183 167 2242 cio
185 2182 231 2241 die
248 2182 348 2278 quinto
368 2203 454 2261 purus
473 2182 711 2265 est,pecoris„die
723 2185 802 2248 odla-

116 2280 183 2333 νο,
198 2262 284 2324 bovrs
294 2263 449 2324 tricesimo.
463 2263 652 2326 Coruncanus
671 2267 800 2326 rumina·

117 2343 162 2403 les
181 2343 307 2421 hostias,
324 2343 417 2405 donec
433 2345 566 2405 bidentes
577 2343 699 2419 fierent,
710 2368 799 2428 puras

117 2427 246 2504 negavit.
271 2423 360 2484 Suem
378 2425 465 2485 oculo
493 2423 592 2486 amilio
615 2442 717 2507 putant
738 2430 800 2490 cito

117 2505 271 2584 extingui:
291 2505 400 2586 alioqui
420 2508 481 2567 vita
498 2506 535 2566 ad
556 2507 723 2587 quindecim
747 2530 800 2569 an-

116 2604 194 2655 uos,
217 2583 385 2662 quibusdam
404 2587 436 2647 δι
455 2588 586 2647 vicenos.
602 2585 716 2647 Verum
729 2588 801 2651 effe·

116 2681 229 2733 rantur,
241 2664 273 2724 δι
293 2664 361 2725 aliis
376 2664 537 2727 obnoxium
556 2687 646 2749 genus
664 2672 801 2745 morbis,

115 2745 226 2890 Ἓίηκ
238 2744 383 2817 maxime,
403 2748 436 2807 δι
456 2746 578 2813 strumae.
588 2746 681 2807 Index
690 2747 746 2810 suis
756 2753 803 2812 in-

115 2826 138 2907 g
166 2826 236 2905 dae,
247 2846 332 2892 cruor
349 2828 379 2888 iu
398 2826 495 2893 radice
514 2827 581 2894 setae
604 2826 693 2892 dorso
713 2833 803 2906 erut,
