1966 3618
240 266 315 347 218
369 267 867 361 antummum

241 390 279 452 1ae
300 389 419 451 veloces
435 383 586 459 incursu,
614 387 719 449 duritid
740 391 850 452 eximia
876 410 931 473 pe-

241 472 331 542 dum,
347 472 450 532 verum
473 467 592 549 strigoso
609 490 758 551 corpore,
781 473 928 532 indomito

240 555 351 612 animo.
373 550 431 610 Sed
443 566 610 632 generator,
625 571 736 633 onagro
748 553 781 613 δι
791 553 872 612 asini
881 572 930 634 ge·

240 635 341 705 nitus,
355 651 459 692 omnes
481 629 634 690 antecellit.
654 629 767 713 Onagri
783 634 814 692 in
830 633 926 713 Phry·

240 713 288 797 gii
306 714 339 774 &
357 712 674 793 Lycaoniupraecipui.
694 711 781 772 Pullis
806 732 923 782 eorum,

239 814 298 854 ceu
319 791 518 875 praestantibus
529 790 646 872 sapore,
656 790 759 853 Africa
770 793 921 874 gloriatur,

241 895 318 956 quos
338 874 483 933 lalisiones
503 872 659 1010 aerllant.
687 872 806 934 Mulum
824 889 922 933 dxxx.

240 955 323 1015 annis
341 953 461 1026 viriste,
477 951 520 1013 At
541 954 700 1013 eniensium
727 955 922 1013 monumentis

239 1051 367 1117 apparet.
387 1034 423 1095 Et'
445 1035 535 1116 gavisi
548 1052 688 1114 namque,
701 1036 769 1094 clun
779 1034 918 1115 templum

238 1118 270 1180 in
288 1136 353 1175 arce
368 1114 516 1186 facerent,
530 1114 609 1196 quod
632 1112 785 1174 derelitlus
796 1113 920 1185 senedd,

242 1195 408 1257 scandentia
420 1195 549 1277 jumenta
569 1197 706 1254 comitatu
717 1238 727 1266 ‚
740 1194 861 1276 nisuque
874 1214 918 1254 ex·

239 1278 421 1347 hortaretur,
437 1276 586 1336 decretum
597 1273 711 1348 fecere,
721 1296 741 1330 u
751 1297 788 1336 ne
799 1275 918 1337 frumen·

234 1384 260 1419 υ
273 1360 337 1417 rarii
365 1358 560 1438 negotiatores
580 1356 615 1415 ab
643 1358 827 1418 incerniculis
853 1374 915 1417 eum

240 1463 263 1500 ι
275 1455 404 1498 arcerent
413 1460 442 1497 n.

243 1548 246 1555 ·
282 1518 375 1579 LXX.
394 1537 443 1599 45.
456 1515 558 1578 Bubus
575 1514 680 1578 lndicis
698 1517 872 1579 camelorum
880 1514 917 1574 el·

240 1600 336 1661 titudo
353 1599 493 1671 traditur,
512 1618 620 1658 cornua
629 1600 657 1657 in
669 1598 847 1659 latitudinem
857 1617 915 1678 qua·

240 1700 392 1740 remorum
407 1679 527 1760 pedum.
548 1677 582 1739 ln
603 1676 702 1739 nostro
724 1678 798 1758 orbe
818 1678 915 1759 Epiro·

241 1762 306 1819 ticis
325 1760 386 1818 laus
405 1760 550 1833 maxima,
572 1759 627 1820 aP
653 1759 711 1819 rrhi
729 1757 785 1839 (ut
802 1753 913 1837 ferunt)

240 1837 301 1924 jam
323 1840 391 1901 inde
415 1841 491 1921 regis
515 1839 593 1901 curi.
633 1838 843 1903 deonsecutus
862 1835 911 1910 est,
967 1916 968 1921 ἵ

240 1940 303 1984 non
320 1938 386 1982 ante
405 1920 615 2003 quadrimatum
631 1920 668 1980 ad
690 1938 789 2001 partus
812 1939 912 1981 vocen-
967 1996 968 1999 Ἴ

241 2003 293 2063 do.
318 2000 715 2084 Praegrandesitaquefuere,
732 2001 911 2079 &hodieque
967 2004 968 2075 l

241 2083 373 2221 relifluiae
389 2080 520 2163 stirpium
540 2083 652 2143 durant.
671 2081 714 2144 At
726 2084 912 2144 nuncannicu·
967 2086 968 2119 l

241 2163 279 2225 lae
312 2161 504 2222 ecunditatem
519 2162 691 2244 poscuntur,
701 2162 865 2224 tolerantius
876 2176 911 2218 ta·

241 2260 312 2308 men
331 2243 437 2303 bimae:
454 2246 527 2303 tauri
546 2245 793 2326 generationem,
811 2240 910 2326 quadri

243 2328 294 2386 mi.
317 2323 444 2407 Impleat
456 2326 559 2406 singuli
585 2326 673 2386 denas
702 2325 809 2385 eodem
834 2339 910 2384 anno·

183 2468 186 2473 ,
242 2405 377 2466 Tradunt
396 2421 515 2479 autem,
536 2408 561 2466 si
584 2406 649 2487 post
664 2404 830 2483 coitumxad
850 2402 910 2463 dex·

242 2502 317 2546 tram
330 2503 449 2625 limem
463 2485 567 2547 abeant
582 2489 655 2547 tauri
678 2503 830 2569 generatos
855 2501 910 2544 tua·

243 2586 291 2627 res
313 2586 328 2624 e
352 2587 389 2627 e:
408 2568 433 2626 si
447 2569 476 2626 in
494 2567 614 2641 laevam,
630 2567 763 2629 feminas.
785 2563 909 2642 Concep-

242 2649 286 2708 tio
305 2666 364 2707 uno
382 2648 454 2706 initu
473 2650 633 2731 peragitur:
653 2669 718 2730 quae
735 2645 908 2726 sidforteper·

243 2728 371 2801 erravit,
389 2729 562 2809 vigesimum
579 2727 645 2811 post
660 2729 740 2789 diem
752 2747 858 2788 marem
872 2720 907 2782 le·
966 2778 967 2785 ,

226 2811 322 2908 mina
331 2809 447 2893 repetit.
462 2807 577 2874 Pariunt
587 2808 683 2877 mense
692 2801 907 2891 decinozquid·
965 2836 968 2921 i
