2012 3596
269 154 477 272 simon.
503 201 576 276 Lib.
601 159 669 276 Xl.
729 208 804 294 421*

108 306 228 396 bians,
247 322 302 381 atti
327 319 451 393 coluris,
466 321 499 382 δι
516 323 540 380 si
559 322 706 394 extrahas,
725 341 802 404 pta-

113 403 223 485 lunga:
234 402 346 462 lacertis
356 399 446 462 bifida
456 403 487 464 8(
499 401 603 481 pilosa:
613 402 711 464 vitulis
726 423 802 485 quo-

113 504 177 564 que
194 484 311 542 marinis
331 481 462 563 duplex:
484 479 534 542 sed
548 481 631 562 suptit
649 482 729 544 dislis
748 504 798 543 cae

112 564 280 702 pillamenti
288 566 429 623 tenuitate
441 584 448 622 :
461 563 565 622 ceteris
575 563 611 622 ad
622 562 798 624 circumlatis·

136 643 215 704 enda
235 664 296 703 ora.
316 642 442 703 Piscibus
459 643 545 723 paulo
562 644 655 704 minus
672 659 734 703 tota
744 642 797 703 ad-

112 722 253 795 haetens,
269 722 423 783 crocodilis
449 740 520 783 tota.
545 720 603 782 Sed
621 725 650 782 in
665 720 797 804 gustatu,

111 803 223 886 linguae
233 805 300 864 vice
316 802 465 863 caenosum
477 803 647 884 aquatilibus
659 803 797 884 palatum.

112 882 290 958 Leonibus,
334 885 428 955 ardis,
457 882 647 966 omnibusque
681 886 797 966 generis

113 963 198 1046 ejus,
211 967 296 1025 etiam
308 905 430 1037 idibus,
448 964 604 1025 imbricatae
619 962 796 1046 asperitatis,

112 1066 148 1106 ac
159 1045 234 1105 limae
243 1046 356 1117 similis,
366 1044 566 1126 attenuansque
576 1044 730 1106 lambendo
742 1066 795 1106 cu·

112 1141 176 1186 tem
196 1126 331 1185 hominis.
356 1124 436 1204 Quae
454 1123 535 1183 causa
557 1127 645 1183 etiam
663 1124 795 1186 mansue-

111 1204 207 1281 sada,
224 1207 273 1265 ubi
291 1204 328 1265 ad
344 1208 469 1268 vicinum
483 1203 530 1263 san
569 1206 647 1264 inem
662 1205 795 1284 pervenit

112 1285 219 1360 saliva,
233 1287 335 1348 invitat
350 1286 386 1345 ad
398 1285 518 1344 rabiem.
570 1304 586 1344 e
603 1303 794 1366 purpurarum

110 1366 220 1450 linguis
239 1368 373 1428 diximus.
392 1365 478 1427 Ranis
492 1365 585 1446 prima
594 1364 795 1436 cohaeret,in·

112 1450 186 1515 tima
203 1446 332 1508 absoluta
349 1468 365 1506 a
385 1463 499 1528 gutture
510 1489 521 1519 ‚
531 1446 589 1525 qui
604 1465 713 1506 vocem
725 1446 794 1507 mit-

112 1544 177 1589 tunt
194 1548 314 1599 mares,
340 1528 409 1588 clun
436 1543 578 1587 vocantur
605 1524 796 1606 ololygqnes‘o

112 1606 195 1684 State
207 1609 238 1669 id
248 1626 382 1689 tempore
397 1609 514 1679 evenit,
526 1606 670 1666 cientibus
679 1606 715 1664 ad
729 1606 794 1665 coi·

112 1706 175 1751 tum
192 1688 323 1750 feminas.
342 1684 422 1748 Tum
435 1686 581 1768 siquidem
598 1684 733 1747 inferiore
753 1685 794 1746 la·

106 1769 167 1837 bro
177 1768 312 1839 demisso,
322 1770 359 1829 ad
371 1768 571 1828 libramentum
579 1768 792 1848 modicaeaquae

106 1868 236 1930 ,teceptae
255 1852 285 1908 in
306 1848 424 1922 fauces,
450 1850 604 1930 palpitante
630 1848 670 1907 ibi
695 1846 793 1928 lingui

107 1932 234 1993 ululatus
255 1931 375 1993 elicitur.
394 1928 479 1989 Tunc
503 1930 610 1988 extenti
634 1928 790 1988 buccarum

108 2015 189 2073 sinus
199 2011 455 2094 perlucent,oculi
474 2008 593 2091 flagrant
611 2009 709 2070 labore
721 2028 790 2089 pro·

78 2112 81 2125 ¹
108 2091 196 2175 pulsi.
215 2091 333 2171 Quibus
353 2093 382 2150 in
400 2089 552 2173 posteriori
573 2108 657 2172 patte
675 2089 792 2165 aculei,¹

107 2175 147 2236 ἃ
163 2175 197 2232 iis
216 2172 360 2233 dentes&
371 2172 474 2253 lingua.
490 2170 603 2250 Apibus
617 2174 704 2231 etiam
715 2189 791 2251 praeg-

12 2288 13 2295 κ
107 2255 216 2335 longa,
226 2255 355 2313 eminens
369 2253 401 2314 dc
412 2251 525 2311 cicadis.
541 2248 659 2328 Quibus
670 2247 790 2309 aculeus

107 2337 141 2395 in
159 2354 210 2393 ote
229 2330 389 2403 fistulosus,
400 2333 435 2391 iis
447 2351 500 2390 nec
517 2329 631 2409 lingua,
645 2348 700 2388 nec
717 2328 790 2391 deu-

101 2433 166 2477 tes.
188 2411 369 2493 Quibusdam
388 2409 497 2470 insedis
522 2411 597 2468 intus
616 2409 731 2491 lingua,
754 2412 788 2471 ut

107 2487 408 2558 formicis'cet'er'tm
433 2491 488 2550 lata
509 2488 663 2571 elephante
686 2491 787 2567 praeci·

109 2575 179 2660 pue.
204 2574 334 2654 Reliquis
353 2575 383 2632 in
406 2570 456 2631 suo
473 2591 583 2654 ¹genere
604 2569 717 2650 semper
734 2568 788 2626 ab·

108 2656 220 2734 soluta:
242 2655 354 2714 homini
371 2653 482 2714 tantitm
493 2655 532 2712 ita
543 2650 617 2795 (ἕρ
637 2645 788 2711 'constristat

109 2732 259 2810 ‚venisset
272 2734 410 2797 intercidi.
418 2754 468 2797 eas
479 2737 555 2798 'nece
615 2733 662 2792 sit.
682 2725 789 2789 Metel·
