1966 3618
174 252 414 326 Hrsron.
437 253 614 327 imvm.
666 269 739 356 235

5 420 6 423 η
46 367 109 447 lit,
127 393 200 435 non
221 372 279 432 nisi
298 373 328 431 in
346 388 428 453 parte
446 374 626 455 reperiuntur
642 373 672 435 hi
687 375 741 458 gli·

49 472 98 515 tes·
108 452 145 515 ln
161 453 266 535 Lycia
275 452 415 514 dorcades
429 475 491 513 non
499 454 644 516 transeunt
653 477 738 516 mon·

50 549 91 594 res
110 533 202 616 Syris
224 535 360 597 vicinos:
385 537 486 618 onagri
508 551 662 607 montem,
705 536 735 598 ul

52 612 275 697 Cappadociam
296 636 314 674 n
335 611 440 676 cilicie
456 615 572 676 dividit.
590 615 625 676 ln
636 557 737 679 Helle·

54 692 156 775 sponto
167 699 199 755 in
211 698 324 756 alienos
333 692 408 755 fines
420 716 481 754 non
492 713 658 757 commeant
673 717 736 757 cer·

56 777 101 837 vi:
116 780 153 840 &
171 779 250 837 eirca
265 775 439 858 Arginusam
450 776 593 859 Elaphum
604 793 737 839 montem

56 876 110 916 non
131 857 299 930 excedunt,
318 857 432 916 auribus
460 859 547 918 etiam
576 858 607 918 in
632 876 737 920 monte

57 933 136 999 lionis.
160 937 196 998 ln
214 935 387 998 Poroselene
404 936 494 999 insuli
511 940 590 999 viam
606 935 737 1003 mustela

57 1036 114 1077 non
131 1017 302 1095 transeunt:
319 1019 349 1077 in
368 1017 490 1079 Boeotiae
509 1018 637 1103 Lebadii
649 1018 736 1083 illata

58 1094 148 1159 solnm
169 1098 264 1181 ipsum
280 1096 411 1181 frigium,
437 1122 502 1181 quae
522 1098 604 1179 juxti
619 1102 651 1160 in
671 1097 736 1162 Or·

59 1177 200 1241 thomeno
221 1196 286 1240 tota
302 1201 371 1241 arva
386 1177 656 1261 subrunm‚talpae‚
707 1201 737 1241 α·

61 1279 120 1320 mm
140 1283 157 1322 e
175 1259 303 1342 pellibus
317 1260 492 1320 cubicularia
510 1260 639 1320 vidimus
690 1281 736 1321 ra·

61 1342 140 1422 gula:
157 1343 232 1403 adeo
251 1362 290 1401 ne
305 1341 409 1425 religio
430 1341 549 1423 quidem
571 1363 588 1400 a
611 1357 740 1422 porten-

62 1424 95 1482 tis
111 1421 262 1484 submovet
278 1422 407 1484 delicias.
425 1421 459 1482 ln
475 1421 573 1483 Ithaci
580 1422 696 1507 lepores
708 1420 739 1483 il·

60 1501 108 1563 lati
123 1507 284 1564 moriuntur
302 1503 440 1564 extremis
462 1503 583 1586 quidem
597 1505 628 1562 in
645 1501 738 1563 litori·

62 1582 129 1645 husa
145 1587 174 1644 in
191 1582 343 1657 Ebuso‚in
353 1582 483 1645 litoribus
493 1582 657 1656 ‚tuniculit
676 1581 739 1645 scae
797 1646 802 1657 Ι

62 1677 120 1724 rent
141 1663 257 1745 juxtiin
267 1661 656 1747 Hispanii‚Balearibusque.
670 1658 738 1746 Cy·

64 1748 133 1806 rem's
150 1764 235 1807 mnne
252 1746 333 1807 fuere
353 1767 445 1817 ranae,
461 1746 544 1807 illatis
556 1749 737 1807 econtinen⁴

65 1839 93 1884 re
107 1828 252 1888 vocalibus
282 1826 366 1887 durat
390 1846 480 1909 genus
501 1848 609 1888 earnm.
639 1825 735 1888 Muta

65 1902 121 1967 sunt
136 1909 221 1969 etiam
233 1928 311 1968 nunc
327 1909 357 1967 in
373 1904 494 1988 Seripho
506 1907 604 1968 insuli.
614 1906 735 1969 Eaedem

66 1985 116 2047 alio
130 1988 265 2050 transsate
282 1990 408 2057 canunt}
418 1987 498 2070 quod
518 1988 691 2050 accidere&
703 1988 735 2049 in

66 2064 122 2126 lacu
137 2068 287 2132 Thessaliae
301 2067 428 2129 Sicendo
455 2069 580 2130 tradunt.
599 2067 633 2130 In
651 2066 735 2133 ltalil

67 2149 180 2210 muribus
191 2151 300 2212 araneis
310 2165 470 2210 venenatus
479 2148 520 2210 est
533 2148 661 2212 morsus:
674 2147 738 2210 eos·

68 2225 126 2288 (lem
141 2230 260 2291 ulterior
277 2230 436 2312 Apennino
454 2250 485 2289 re
506 2233 535 2291 io
554 2251 615 2291 non
636 2230 735 2292 habet.

68 2304 149 2370 Iidem
166 2313 343 2393 ubicumque
362 2313 440 2384 sint,
458 2251 584 2371 orhitam
601 2310 625 2370 si
645 2308 737 2369 trans-

67 2387 139 2464 iere,
154 2395 326 2453 moriuntur.
346 2390 381 2452 ln
400 2389 538 2472 Olympo
549 2389 734 2452 Macedonia

66 2487 156 2533 monte
174 2494 234 2534 non
254 2471 318 2532 sunt
334 2472 411 2551 lupi,
422 2491 477 2530 nec
488 2472 519 2530 in
530 2467 620 2531 Cretl
633 2469 733 2536 insula

66 2544 104 2609 Ibi
126 2555 243 2633 quidem
264 2573 326 2613 non
351 2550 480 2693 vulpes,
507 2553 621 2622 ursive,
646 2570 734 2635 atque

68 2633 174 2693 omnino
191 2634 303 2695 nullum
320 2633 397 2693 male
420 2653 486 2692 cum
498 2631 616 2704 animal,
629 2651 736 2715 praeter

69 2709 254 2795 phalangium:
271 2716 365 2774 aranei
377 2713 408 2772 id
420 2733 525 2794 genus,
535 2713 571 2773 de
584 2734 643 2795 quo
655 2714 736 2773 dice·
775 2752 777 2755 v

69 2807 126 2852 nur
140 2792 187 2858 suo
206 2796 285 2863 loco.
307 2792 489 2868 Mirabilius,
504 2798 535 2856 in
556 2795 661 2857 erdem
686 2793 737 2853 in-
