2004 3628
215 264 446 338 Hrsron
458 264 532 338 Lib.
553 264 631 339 Vll.
685 273 753 365 145

76 379 218 446 ltstratum
235 400 391 466 praeterea,
403 404 461 466 quo
484 385 513 443 iu
537 384 605 444 loco
625 381 755 446 defodis-

78 486 96 522 η
110 463 148 526 set
168 486 267 526 aurum
284 465 364 525 nullo
381 463 520 539 conscio,
540 467 573 527 δι
593 463 701 547 rogasse
719 478 752 527 ut

77 546 136 604 ’rriis
154 544 339 621 funebribus,
358 566 424 626 quae
438 543 645 626 comparasset,
665 543 753 606 effet-

79 630 222 687 'nreturm
244 626 314 688 Hoc
335 645 374 686 eo
392 643 538 695 narrante,
550 623 753 688 fratrisdomez

78 701 134 765 sliri
150 707 274 789 propere
292 707 503 767 annuntiavere
515 707 707 766 exanimatum
718 707 752 785 il-

79 782 148 845 litu:
162 788 195 849 &
211 807 329 858 aurum,
341 786 391 847 ubi
403 786 529 859 dixerat,
540 804 687 866 repertum
701 785 751 850 eta

79 861 159 927 Plena
169 886 306 950 praeterea
326 868 387 928 vita
407 865 448 928 est
464 867 508 927 his
527 868 688 941 vaticiniis,
701 864 753 943 se'd

80 965 135 1005 uon
153 948 349 1022 conserenda,
368 949 435 1009 clun
458 945 558 1029 saepius
582 946 650 1009 salsa
675 950 752 1025 sint‘,

80 1028 149 1097 sicut
164 1031 192 1088 in
211 1031 272 1091 enti
299 1029 435 1109 exemplo
455 1028 633 1091 docebimus.
666 1027 752 1091 Bello

82 1103 169 1170 Siculo
183 1050 332 1172 dabienus
346 1106 465 1170 Caesaris
484 1110 641 1170 classiarius
652 1108 752 1171 sortis·

83 1189 161 1250 simus
175 1208 273 1273 captus
294 1211 311 1250 a
333 1187 399 1250 Sex.
420 1187 581 1271 Pompeio,
598 1187 671 1267 jussu
689 1188 752 1268 ejus

82 1267 162 1330 incisi
174 1275 305 1344 cervice,
323 1271 356 1331 &
367 1272 419 1330 vix
430 1268 615 1339 cohaerente,
627 1266 714 1330 ‘acuit
722 1272 752 1332 in

83 1346 157 1411 litore
173 1368 236 1414 tuto
255 1352 314 1421 die,
330 1349 448 1411 Deinde
457 1352 525 1410 curn
535 1290 751 1433 advesperavis·

83 1426 137 1502 set,
154 1453 216 1493 cunr
238 1433 348 1515 gemitu
367 1429 553 1512 precibusque
573 1430 751 1570 congregati

82 1511 252 1574 multitudine
263 1576 265 1583 ,
272 1513 373 1594 petiit,
385 1513 428 1571 uti
442 1510 598 1591 Pompeius
610 1532 627 1570 a
660 1509 688 1570 se
699 1531 753 1571 ve·

24 1618 25 1621 ¹
83 1592 165 1668 niret,
179 1612 227 1654 aut
245 1593 372 1676 aliquem
389 1611 426 1651 ex
447 1593 555 1652 arcanis
566 1593 710 1651 mitteret:
723 1588 752 1657 se'

83 1674 151 1733 'enirn
161 1676 195 1735 ab
204 1671 301 1735 inseris
311 1670 472 1745 remissurn,
485 1671 591 1732 habere
601 1693 666 1755 quae
678 1692 752 1734 nun·

83 1754 164 1824 tiaret.
184 1754 266 1816 Misit
286 1754 382 1836 plures
400 1752 554 1831 Pompeius
572 1774 609 1814 ex
631 1756 750 1828 amicis,
828 1794 832 1797 -

83 1835 174 1917 'quibus
190 1835 340 1898 Gabienus
356 1835 441 1895 dixit:
457 1859 475 1890 u
487 1833 587 1894 Inseris
608 1834 662 1894 dris
684 1835 750 1915 pla*

82 1936 169 1977 scere
199 1916 334 1996 Pompeii
360 1913 519 1975 causas&
547 1930 641 1996 partes
669 1919 750 1995 piari

82 1997 227 2078 bproindb
250 2013 391 2058 eventum
409 1995 553 2068 futurum,
568 2013 656 2075 quem
667 2012 751 2077 opta·

80 2094 165 2139 aret:
182 2079 238 2140 hoe
255 2075 285 2138 se
306 2078 434 2137 nuntiare
453 2071 557 2154 jussum
575 2097 583 2135 ε
601 2096 750 2159 argumen-

79 2162 162 2220 'rrtum
177 2157 241 2220 sure
257 2159 408 2230 veritatis,
425 2157 505 2240 qubd
523 2154 643 2238 paradis
668 2162 749 2219 marra

79 2239 171 2301 »datis
180 2284 192 2313 ,
208 2241 340 2322 protinus
357 2236 546 2319 exspiraturus
558 2234 635 2298 *esset
650 2261 687 2299 u:
703 2238 751 2299 id·

77 2341 130 2419 que
148 2324 186 2382 ita
204 2321 314 2382 evenit.
339 2317 406 2380 Post
433 2317 606 2412 sepulturam
632 2336 750 2400 quoque

77 2396 627 2621 diffiisslirgsil‘iolffii
642 2417 750 2463 ”lm

114 2562 190 2626 L1v.
212 2582 260 2644 53.
286 2582 305 2620 n
316 2562 417 2641 primis
427 2575 523 2618 autern
536 2558 749 2649 miraculosum

77 2662 157 2728 atque
177 2641 323 2724 frequenti
345 2658 456 2701 mortes
473 2659 503 2700 re
542 2642 645 2716 minas,
667 2640 750 2723 (hoc

80 2725 136 2799 est,
154 2721 263 2783 summa
282 2725 349 2782 vitae
362 2720 501 2794 felicitas,
555 2742 604 2781 uas
619 2719 676 2781 effe
697 2743 750 2781 na·

77 2804 177 2869 mrates
189 2802 371 2865 docebimus.
384 2802 522 2866 Plurimae
530 2800 661 2884 prodidit
676 2793 751 2862 vas·

115 2890 212 2952 TOIWS
230 2883 282 2947 11·
597 2876 631 2950 G,
