1966 3618
17 390 19 399 i

190 265 398 383 aaron.
422 308 495 383 m.
519 310 622 384 vm
674 316 755 406 ης·

77 426 127 505 iae,
142 449 226 514 caput
244 431 395 513 obliquum
414 433 444 491 in
460 429 576 493 incessu.
592 429 746 492 Penuriam

77 511 150 572 iadis
165 515 344 596 praepingues
358 511 506 587 sentiunt,
521 513 561 573 ἃ.
574 513 668 593 primo
679 508 744 571 fetu

76 594 163 652 minus
179 593 241 654 sunt
257 591 428 653 numerosae.
456 590 490 651 ln
515 591 576 652 luto
599 591 744 652 volutatio

78 677 166 753 generi
183 691 271 756 grata.
288 670 402 733 lntotta
420 672 525 732 cauda:
539 672 570 731 id
591 674 675 732 etiam
687 692 744 732 no·

78 767 179 825 tatum,
190 754 301 815 facilibs
322 754 422 823 litare,
438 754 468 811 in
486 753 637 813 dexterum
658 750 745 832 quim

77 831 423 910 inlaevum‚detotri.'Pin
462 831 749 907 escuntax.diebus,

78 910 122 972 fed
138 914 223 995 magis
241 913 327 974 tridui
350 913 445 972 inedia
468 913 641 997 saginatione
667 913 745 973 orad-

77 990 244 1056 Animaiium
260 996 318 1055 hoc
332 994 456 1054 maxim&
466 993 580 1055 brutum
589 1040 599 1070 ‚
608 996 746 1054 animam·

77 1092 130 1152 que
147 1077 171 1135 ei
186 1097 239 1157 pro
257 1074 314 1136 sale
328 1075 423 1134 datam
441 1097 500 1135 non
514 1075 630 1157 illepide
645 1073 744 1135 existi·

77 1154 206 1216 thabatur.
223 1153 418 1236 Compertum
427 1158 550 1236 agnitam
559 1174 665 1216 vocem
679 1153 745 1214 sua·

77 1235 108 1292 rii
123 1234 196 1296 furto
216 1235 338 1309 abaffls,
359 1233 512 1316 mersoque
528 1235 644 1315 navigio
665 1234 746 1293 incli-

78 1318 184 1377 natione
206 1317 303 1377 lateris
327 1319 411 1376 unius
436 1313 582 1375 remeaffe.
607 1312 689 1392 Quin
711 1313 746 1374 δι

76 1393 157 1456 duces
176 1399 206 1457 in
225 1400 298 1457 urbe
310 1396 406 1458 forum
417 1396 617 1457 nundinarium
626 1391 746 1455 domos·

114 1496 240 1558 epetere
261 1475 393 1539 discunt:
414 1478 446 1539 &
462 1476 515 1537 feri
536 1475 645 1555 sapiunt
663 1475 748 1556 palu-

75 1495 113 1616 di
126 1558 300 1620 confundere
311 1560 440 1630 urinam,
461 1556 556 1639 fugam
565 1556 674 1616 levate.
684 1552 747 1615 Ca·

75 1634 189 1698 strantur
208 1639 325 1700 femina
348 1659 491 1721 quoque,
519 1639 603 1697 sicuti
621 1635 723 1696 cameli
734 1660 757 1710 ,·

75 1717 137 1798 post
153 1720 230 1781 bidui
246 1720 372 1780 inediam
389 1717 526 1801 suspensae
548 1720 645 1800 pernis
664 1719 772 1799 prio-2

75 1798 164 1876 nbus,
181 1800 272 1863 vulva
287 1801 398 1863 recisa:
416 1800 538 1861 celerius
554 1802 593 1859 ita
611 1796 745 1882 pingues·

76 1899 147 1941 cunt.

104 1961 273 2022 Adhibetur
285 1964 317 2024 ἃ
334 1981 378 2021 ars
393 1959 483 2042 jecori
501 1960 690 2034 feminarum,
707 1959 744 2020 si·

76 2058 119 2101 tut
140 2043 288 2115 anserum,
302 2042 454 2102 inventum
475 2040 518 2102 M.
541 2040 660 2122 Apicii,
682 2038 754 2102 fico'

76 2122 147 2184 aridai
167 2121 297 2205 saginatis
315 2144 347 2183 ac
363 2122 489 2184 satietate
505 2125 610 2183 necatis
620 2122 743 2204 repente

76 2204 153 2263 mulsi
166 2222 239 2284 potu
261 2203 338 2264 dato.
356 2203 462 2287 Neque
483 2204 539 2265 aiio
567 2224 604 2264 ex
630 2202 743 2263 animali

76 2287 252 2345 numerosior
274 2289 391 2344 materia
407 2305 504 2366 ganeae
520 2285 745 2422 :quinguagnta

76 2366 161 2447 prope
178 2363 311 2446 sapores,
330 2368 396 2425 cirm
414 2367 518 2425 ceteris
538 2367 619 2443 singu
632 2365 650 2421 i.
697 2365 745 2422 inc

76 2446 260 2506 censoriarum
278 2446 375 2527 legum
392 2448 520 2526 pagina,
537 2442 744 2526 interditiaque

76 2529 146 2587 cenis
157 2526 329 2597 abdomina,
339 2525 451 2606 glandia
461 2569 471 2595 ,
481 2523 618 2595 testiculi,
629 2525 744 2598 vulvae,

77 2608 201 2688 sincipita
214 2607 343 2677 verrina,
360 2623 393 2665 ut
412 2622 509 2665 tamen
531 2605 620 2666 Publii
636 2609 745 2666 mimo·

17 2718 18 2747 1
49 2707 131 2769 ,tum
159 2705 266 2768 poetae‘
281 2706 372 2761 cena,
396 2685 546 2770 postquam
576 2685 764 2748 servitutem·

17 2772 18 2855 ]
76 2784 203 2839 exuerat,
218 2767 294 2826 nulla
312 2785 489 2828 memoretur
500 2771 560 2828 sine
572 2768 744 2840 abdomine,

75 2851 154 2912 etiam
164 2846 316 2910 vocabulo
331 2848 445 2920 suminis
456 2848 491 2910 ab
504 2870 541 2910 eo
554 2849 702 2929 impositu·
727 2908 731 2914 ,
