1966 3618
235 254 306 368 28‘4
354 279 390 347 C.
416 264 591 348 Pr'rrrrr
616 260 806 349 Nnr‘un.

233 412 302 460 men
320 380 528 476 amethystum:
542 392 830 457 rursumabsolutum
843 384 913 457 'ine-

228 480 339 539 'briatur
347 476 500 558 Tyriogut
513 479 552 536 sit
565 497 600 535 ex
609 493 733 558 utroque
741 498 851 538 nomen
858 481 913 536 im·

233 557 376 640 probum,
387 559 528 638 simulque
541 558 651 634 luxuria
663 558 786 639 duplex:
797 561 831 622 &
843 558 911 617 ciam

225 636 562 719 tonfecereconchylia,
571 640 691 697 transire
702 640 837 699 meliirsin
847 636 912 716 Ty-

229 720 307 795 rium
328 736 436 800 putant.
460 719 631 780 Paenitentia
643 719 700 778 hoc
715 721 838 800 primum
857 717 912 777 de·

227 798 282 860 bet
302 798 457 871 invenisse,
476 799 584 859 artifice
596 815 726 861 mutante
738 799 812 882 quod
823 799 910 858 dam·

231 879 336 941 nabat:
353 880 420 939 inde
430 883 597 954 ratio'nata,
613 897 719 941 votum
736 900 848 962 quoque
862 876 909 936 sa-

232 959 342 1021 &ume
363 963 437 1020 vitio
478 963 633 1022 ortentosis
651 963 788 1043 ingeniis,
806 963 839 1021 &
859 977 908 1098 ξε·

231 1043 311 1102 mina
338 1041 445 1101 demon
470 1058 528 1102 rata
553 1043 603 1101 via
629 1040 763 1116 luxuriae,
778 1058 809 1100 ut
824 1060 861 1100 co
873 1059 907 1098 ot

230 1121 304 1182 alius
324 1125 485 1201 operiretur
500 1123 578 1195 alio,
597 1112 712 1183 suavioi
734 1120 847 1183 itatieri
865 1120 907 1197 le7

232 1204 356 1286 nlorque
378 1201 581 1281 dislus.'Quin
600 1204 633 1267 &
649 1218 763 1263 terrena
775 1201 905 1272 miscere,

233 1304 383 1365 coccoque
394 1284 513 1343 tinelum
523 1282 620 1364 Tyrio
632 1285 775 1366 tinguere,
784 1300 814 1343 ut
824 1282 907 1343 fieret

233 1363 397 1447 hysginum.
417 1361 551 1425 Coccum
571 1362 696 1425 Galatiae
721 1368 824 1427 rubens
841 1383 905 1446 gra·

234 1466 324 1519 num,
338 1463 371 1505 ut
383 1446 513 1505 dicemus
523 1449 553 1506 in
563 1444 761 1518 terrestribus,
779 1462 824 1505 aut
833 1447 907 1503 circa

236 1522 394 1587 Emeritam
412 1522 580 1599 Lusitaniae,
591 1529 620 1585 in
631 1527 757 1587 maximi
766 1527 844 1587 laude
855 1521 907 1585 est.

228 1604 347 1668 ¹Verirm
356 1624 388 1667 ut
396 1607 480 1666 simul
489 1607 905 1690 peraganturnobiliapigmen·

227 1701 280 1761 ta,
297 1687 430 1748 anniculo
440 1709 528 1772 grano
543 1689 693 1771 languidus
705 1688 803 1749 su'ccus
813 1710 820 1747 :
830 1686 905 1746 idem

235 1788 253 1828 a
274 1769 427 1848 quadritno
442 1769 590 1830 evanidus.
610 1768 652 1829 Ita
670 1790 726 1829 nec
742 1770 846 1831 recenti
864 1766 904 1826 vi·

235 1867 302 1921 res,
323 1870 418 1931 neque
435 1848 599 1910 senescenti.
611 1850 739 1910 Abunde
749 1849 856 1910 traslata
865 1841 904 1905 est

233 1930 323 2000 ratio,
338 1932 395 2014 qul
405 1930 434 1991 se
445 1934 575 1993 virorum
587 1929 667 2009 juxti
685 1929 904 2009 feminarumque

235 2007 329 2069 sorma
349 2013 440 2072 credit
452 2014 657 2094 amplissimam
676 2010 754 2089 fieri.

275 2089 384 2150 LXVI.
404 2114 454 2165 42.
474 2093 661 2154 Concharum
678 2094 792 2175 generis
808 2089 904 2169 &pin⁶

235 2187 274 2228 na
292 2167 342 2230 est.
358 2170 493 2232 Nascitur
508 2176 539 2233 in
558 2175 668 2234 limosis
690 2172 816 2234 subreua
835 2169 902 2230 seut·

235 2268 309 2332 per,
320 2271 375 2312 nec
385 2274 523 2335 umquam
541 2257 603 2315 sine
618 2256 744 2328 comite,
756 2273 838 2335 quem
846 2251 903 2331 pin·

234 2348 369 2394 nocerem
377 2351 502 2409 vocant,
513 2336 558 2395 alii
569 2335 821 2418 pinnophylacem.
831 2331 856 2391 ls
863 2324 901 2407 est

234 2410 337 2493 squilla
350 2436 459 2496 parvar
476 2418 544 2477 alibi
564 2437 666 2478 cancer
685 2416 767 2498 dapis
790 2408 902 2474 adseua·

235 2494 405 2557 ror.Pandit
416 2496 444 2556 se
455 2500 557 2579 pinna,
574 2496 729 2558 luminibus
740 2497 902 2557 orbumcor·

235 2592 292 2654 pus
315 2576 390 2636 intus
411 2580 527 2639 minutis
549 2579 671 2660 piscibus
690 2577 828 2655 praebens.
845 2567 901 2633 Ad·

236 2650 341 2714 sultant
352 2656 393 2716 illi
412 2663 557 2738 protinus,
570 2662 602 2722 &
621 2660 671 2720 ubi
688 2659 803 2719 licentia
826 2651 903 2714 audar

238 2736 281 2794 cia
297 2739 406 2807 crevit,
423 2740 544 2822 implent
565 2761 637 2801 eam.
650 2739 718 2801 Hoc
731 2732 865 2821 tempuss
878 2749 900 2788 e·

233 2816 349 2887 tulatus
370 2819 477 2898 index,
498 2820 595 2885 morsu
613 2822 672 2885 levi
695 2819 841 2904 significat.
885 2828 900 2869 ²
