2004 3628
159 231 163 237 ⁴
226 264 278 365 '96
330 260 770 335 C.P11N11Nnrnn.
831 269 838 279 '

226 407 299 467 pta,
313 384 389 444 inter
409 380 520 442 ostenta
542 378 661 439 dicitur:
674 395 865 461 praetetquam
875 373 925 440 im·

229 465 387 547 AEgypto‚
406 464 457 522 ubi
479 459 576 520 fetifer
595 476 669 541 potu
693 458 777 518 Nilus
804 462 924 520 amnis.

227 545 386 618 Proximi,
403 543 541 623 supremis
563 540 625 600 divi
643 538 765 621 Augusti
773 584 785 611 ,
805 538 896 600 Faust

226 625 364 707 quaedam
375 645 392 684 e
403 624 509 706 plebe,
517 618 611 682 Ostiae
622 621 696 680 duos
711 640 826 695 mares,
838 623 922 680 toti-

228 709 299 767 dem
318 705 439 765 feminas
457 705 558 773 enixa,
574 700 703 772 famem,
721 721 786 782 quae
804 699 922 761 conse-

198 804 297 868 „tuta
313 785 374 858 est,
406 784 534 844 ortendit
551 781 630 841 haud
651 781 749 841 dubit.
780 780 923 862 Reperi-

227 883 278 929 tur
295 867 329 928 &
351 806 592 946 ini‘eloponneso
604 861 689 920 binos
701 876 802 941 quater
812 865 921 934 enixa,

229 940 432 1027 majiremque
450 961 560 1024 partem
578 963 614 1003 ex
629 943 714 1002 omni
731 940 793 1022 ejus
808 942 921 1003 vixiffe

228 1045 322 1110 partu.
342 1024 378 1086 Et
398 1027 428 1086 in
444 1025 577 1106 AEgypto
593 1021 620 1081 se
643 1038 727 1082 tenos
747 1042 807 1082 uno
821 1039 919 1083 utero

227 1107 362 1189 simuigi
402 1104 525 1166 ianitor
542 1101 584 1164 est
628 1123 661 1161 ro
682 1122 725 1162 us.
743 1100 921 1184 Gignuntur

228 1190 265 1251 δι
283 1190 359 1251 utriu
371 1207 429 1268 que
440 1184 540 1257 sextis,
558 1204 635 1265 quos
678 1183 918 1265 ermaphroditos

228 1289 386 1340 vocamus,
400 1267 470 1327 olim
489 1264 690 1347 Androgynos
715 1281 856 1338 vocatos,
877 1267 919 1327 &

221 1350 429 1489 'ilpnptodigiis
453 1347 587 1418 habitos,
604 1365 681 1406 nunc
709 1346 784 1407 verb
804 1350 835 1407 in
855 1346 919 1415 ‹le-¹

253 1450 312 1490 cns.
865 1464 869 1470 ·

272 1509 428 1590 Pompeius
448 1505 572 1588 Magnus
589 1506 619 1565 in
635 1508 813 1569 ornamentis
830 1507 920 1569 thea-

231 1592 270 1653 tri
288 1591 432 1651 mirabiles
448 1587 525 1648 fami
541 1585 635 1668 posuit
655 1585 790 1669 effigies,
812 1590 852 1649 ob
881 1589 918 1649 id
992 1602 993 1659 ζ

151 1738 154 1741 ,
232 1672 395 1751 diligentins
426 1689 596 1750 magnorum
623 1665 766 1729 artificum
788 1671 918 1752 ingeniis

217 1750 412 1809 ’elaboratasz
430 1751 504 1807 inter
524 1769 595 1829 quas
622 1749 649 1808 le
669 1750 724 1808 'tur
748 1748 917 1831 Eutychis,

232 1850 251 1887 a
272 1844 329 1889 xx.
349 1829 447 1888 liberis
464 1848 538 1909 rogo
554 1829 646 1901 illata,
692 1828 810 1893 ratibus
827 1833 918 1891 enixa

232 1925 312 1968 xxx.
323 1924 429 1990 partus.
447 1906 573 1990 Alcippe
591 1908 794 1990 elephantum,
829 1933 918 1972 uam-

233 2010 321 2070 quam
340 1991 371 2050 id
390 1992 465 2048 inter
475 1989 588 2049 ostenta
596 1988 648 2055 est.
662 1989 798 2071 Namque
857 1990 918 2053 ser·

173 2076 176 2079 ’
232 2087 353 2149 pentem
373 2072 486 2149 peperit
502 2073 578 2129 inter
598 2071 678 2129 iniria
702 2069 822 2132 Marsici
842 2074 918 2134 belli

232 2150 344 2209 ancilla.
365 2147 560 2209 Multiformes
578 2149 707 2229 pluribus
718 2152 815 2212 modis
837 2157 918 2214 inter

112 2234 115 2239 ’
232 2227 361 2290 monstra
375 2244 472 2311 partus
494 2230 624 2290 eduntur.
647 2227 786 2297 Claudius
814 2231 917 2295 Caesar

231 2307 327 2371 scribit
346 2309 616 2393 Hippocentaurum
638 2312 667 2370 in
685 2310 832 2373 Theffalit
860 2310 918 2377 na*

231 2404 296 2450 tum
314 2390 423 2452 eodem
441 2391 489 2450 die
508 2387 654 2453 interiiffe.
675 2391 711 2452 Et
728 2413 783 2453 nos
803 2397 916 2476 princi·

229 2486 302 2551 patu
320 2468 383 2548 ejus
402 2470 519 2531 allatum
533 2471 572 2547 ini
584 2491 621 2530 ex
637 2471 672 2532 AE
692 2489 767 2554 ypto
779 2477 811 2533 in
820 2478 916 2538 melle

231 2550 366 2612 vidimus.
392 2549 441 2611 Est
458 2555 537 2612 inter·
565 2571 649 2612 exem
682 2574 718 2624 a,
738 2554 768 2612 in
793 2573 914 2618 uterum

233 2631 364 2710 protinus
378 2630 504 2690 reversus
514 2630 605 2691 infans
614 2629 747 2715 Sagunti,
760 2653 822 2715 quo
833 2658 915 2699 anno

231 2710 269 2770 ab
289 2708 434 2770 Annibale
449 2709 545 2771 deleta
555 2710 607 2774 est.

272 2788 318 2854 Ex
331 2788 447 2863 feminis
458 2795 561 2861 mutari
576 2795 605 2855 in
622 2813 801 2872 mammon
811 2793 914 2859 estfa-

774 2874 916 2951 bulosunt
