2004 3628
226 223 292 326 138
344 220 381 292 C.
408 217 588 292 Prrnrr
611 208 805 286 Neron.

264 344 309 407 Et
324 360 361 404 err
380 338 494 401 seminis
507 335 594 398 'Livia
608 333 712 395 Rutilii
731 350 844 396 xcvn.
874 350 940 397 ase·

221 448 279 490 nos
292 424 435 486 excessit:
452 417 564 480 'Statilia
572 462 584 490 ,
603 413 730 478 Claudio
756 417 855 496 princi
888 437 939 491 e,

220 529 262 571 ex
278 504 370 567 nobili
386 504 492 572 domo,
514 499 670 638 nonaguta
694 516 824 557 novem:
891 518 937 558 e·

224 591 317 650 tentia
335 582 486 647 Ciceronis
504 598 572 642 cm.
620 578 701 638 lodie
714 574 801 638 Ofilii
827 594 936 640 cxv.

225 671 289 732 haec
307 665 426 750 quidem
445 664 533 726 etiam
549 662 633 721 enixa
646 658 824 740 quindecies.
833 658 936 718 Luc·

224 753 290 812 ceia
306 753 397 809 mima
414 761 530 807 centurn
541 743 621 801 annis
639 742 668 799 in
681 737 765 800 sceui
777 759 935 820 pronun·

224 833 318 893 tiavit.
332 826 450 890 Galeria
468 823 596 905 Copiola
606 819 782 882 Emboliaria
792 818 934 881 reducta

226 910 322 973 estin
342 907 472 982 scenam,
488 903 525 965 C.
542 901 687 1043 Poppaeo,
710 898 754 979 Q
778 897 933 980 Sulpicio

228 989 298 1054 coss'.
315 990 389 1050 ludis
405 1008 459 1070 pro
477 984 564 1046 salute
596 984 636 1044 ivi
648 978 770 1069 Augusii
779 982 926 1051 votivis,

223 1092 338 1135 annum
358 1070 547 1131 centesimum
568 1079 710 1146 quartum
724 1080 831 1201 aperis:
848 1082 933 1145 quae

221 1150 370 1239 produkla
386 1149 478 1211 suerat
497 1147 631 1207 tirocinio
647 1141 721 1203 all
769 1143 930 1223 omponio

225 1234 308 1296 aedili
328 1232 443 1315 plebis,
454 1228 490 1292 C.
500 1227 614 1300 Mario,
627 1222 684 1286 Cn.
694 1220 832 1285 Carbone
842 1243 930 1284 con-

230 1314 355 1387 sulibus,
370 1330 436 1372 anre
464 1328 555 1369 annos
575 1306 730 1388 nonaginta
750 1324 867 1364 unum:
889 1303 929 1364 &

232 1418 250 1457 a
270 1394 380 1476 Magno
397 1391 540 1470 Pompeio
559 1388 656 1469 magni
673 1385 775 1445 theatri
792 1384 927 1445 dedica-

233 1479 334 1548 tione,
351 1494 420 1534 anus
438 1492 494 1553 pro
513 1467 652 1530 miraculo
674 1464 800 1526 redusla.
829 1462 931 1524 Sarn'-

230 1556 344 1620 mulam
363 1572 481 1637 quoque
497 1567 615 1611 centum
641 1547 745 1607 decem
765 1547 848 1605 anuis
874 1546 929 1604 vi-
997 1554 998 1603 ἕ

233 1636 320 1708 nisse,
337 1634 436 1695 aumor
455 1630 497 1693 est
515 1628 656 1691 Asconius
681 1626 835 1688 Pedianus.
857 1623 930 1686 Mi·

228 1720 289 1777 nus
306 1717 396 1775 miror
414 1707 666 1792 Stephanionem(
673 1709 723 1848 spui
743 1709 851 1788 primus
873 1722 931 1766 to·
997 1750 998 1799 p

626 1792 751 1870 utrique
776 1786 928 1848 saeculari-
997 1810 998 1823 ¹

260 1896 291 1938 us
310 1875 386 1936 ludis
404 1871 573 1945 saltaffe‚&
603 1867 929 1952 iviAugusti,&quos

230 1957 378 2021 -Claudius
402 1952 498 2016 Caesar
519 1950 667 2013 consulatu
683 1949 734 2010 suo
756 1966 862 2033 quarto
883 1946 929 2009 se·
997 1930 998 1987 l

237 2043 300 2112 cit,
319 2036 434 2118 quando
448 2051 541 2095 uxrrr.
563 2053 624 2092 non
642 2052 689 2092 am
712 2030 764 2099 lius
785 2031 854 2090 anni
877 2031 929 2090 in·

237 2117 382 2191 censuere,
401 2135 575 2199 quamquam
593 2114 625 2174 &
643 2053 743 2192 polea
762 2110 812 2172 diu
836 2111 926 2172 vixit.

230 2199 274 2262 ·In
290 2197 392 2259 Tmoli
407 2198 516 2257 montis
535 2197 701 2263 cacumine,
712 2191 792 2274 quod
812 2205 927 2254 vocant

239 2279 402 2362 Tempsin,
416 2295 463 2339 cr..
484 2277 563 2336 annis
584 2279 700 2347 vivere,
710 2272 866 2334 Mucianus
880 2292 929 2333 au·

240 2360 304 2422 sior
321 2358 372 2421 est.
393 2356 533 2419 Totidem
552 2376 644 2417 annos
663 2353 780 2416 censum
805 2350 927 2415 Claudii

241 2439 363 2504 Caesaris
383 2437 503 2500 censuri
516 2435 554 2498 T.
572 2436 737 2498 Fullonium
753 2433 928 2496 Bononien-

231 2520 321 2583 sem:
336 2521 423 2604 idque
444 2518 556 2582 collatis
568 2518 700 2579 censibus
713 2527 787 2599 quos
797 2519 868 2578 ante
877 2515 927 2576 de·

242 2602 369 2677 tulerat,
396 2604 522 2683 vitaeque
546 2600 719 2682 argumentis
741 2594 879 2677 (etenim
896 2592 927 2656 id

234 2700 322 2747 ¹''turae
339 2683 461 2764 principi
484 2679 566 2763 erat)
584 2700 688 2741 verum
706 2680 846 2759 apparuit.

235 2802 240 2811 «
283 2763 321 2829 L.
338 2785 387 2848 49.
409 2761 529 2828 Poscere
549 2761 666 2828 videtur
683 2759 765 2823 locus
777 2757 838 2844 ipse
852 2755 926 2825 side·

237 1812 316 1938 paras
336 1793 436 1854 saltare
460 1789 604 1931 instituitp
