2004 3628
189 324 429 395 Hrsaoa.
447 316 612 396 Linvlt.
668 347 744 429 ¹23,-

65 442 208 539 inagoest:
226 443 310 505 ltautl
319 442 735 527 minore(utequidemreor)

65 524 154 619 ploni,
169 528 305 607 principe
327 542 443 585 oratore
466 526 500 586 &
519 528 606 598 cive,
629 545 665 585 ex
683 526 734 588 illd

65 610 244 687 ingeniorum,
264 627 335 690 quae
352 623 420 667 tunc
439 605 511 676 suit,
531 605 733 681 multitudine,

67 688 104 744 oni
113 687 177 748 hanc
185 708 338 748 coronam
350 687 453 759 dante,
463 685 550 769 quim
561 688 626 746 clun
638 687 734 748 eidem

68 763 171 849 Magnus
186 767 352 850 Pompeius
369 769 489 849 piratico
506 787 542 828 ex
558 766 637 827 bello
647 788 735 828 nava·

67 843 113 906 len
121 849 203 909 dedit.
214 848 444 910 Innumerabilia
454 847 559 909 deinde
568 847 631 909 sunt
639 868 735 910 exem·

31 1000 35 1004 .
68 926 106 1005 pla
116 927 262 1009 Romana,
278 934 304 990 si
324 929 457 1014 persequi
465 928 572 991 libeat:
589 932 656 991 clim
671 930 735 1012 plu·

67 1026 105 1066 tes
118 1031 166 1070 una
183 1031 253 1094 gens
269 1014 302 1070 in
327 1012 511 1094 quocumque
541 1030 649 1094 genere
673 1014 735 1073 exi·

69 1089 129 1148 nios
146 1091 258 1166 tulerit,
275 1091 368 1174 quam
391 1110 495 1154 ceterae
514 1109 608 1152 terrae.

100 1165 197 1234 Sed&
215 1195 277 1255 quo
298 1190 348 1246 te,
367 1172 411 1233 M.
427 1172 528 1246 Tulli,
547 1171 663 1254 piaculo
688 1190 736 1234 ta·

68 1250 152 1310 ceam?
165 1274 262 1334 quove
282 1255 413 1315 maxim&
430 1254 622 1315 excellentem
631 1255 735 1336 insigni

70 1332 220 1406 ptaeditetu?
235 1356 303 1417 quo
316 1337 428 1417 potius,
442 1333 531 1416 quim
542 1336 669 1394 universi
680 1356 737 1416 po·

71 1411 119 1487 puli
131 1413 197 1474 illius
214 1418 315 1498 gentis
340 1415 517 1497 amplissimo
546 1413 735 1491 testimonio,

73 1489 99 1550 dt
113 1512 127 1551 e
140 1496 194 1555 toti
210 1498 270 1557 vird
300 1497 350 1557 tud
370 1494 531 1556 consulatus
540 1498 651 1556 tantum
661 1517 755 1578 ope-·

72 1569 134 1633 ribus
151 1575 258 1640 cledis?
277 1574 330 1639 Te
349 1576 465 1638 dicente
474 1577 571 1658 legem
581 1578 736 1658 agrariam,

73 1647 119 1711 loc
132 1653 183 1729 est,
195 1659 334 1720 alimenta
343 1656 391 1718 sua
406 1657 614 1719 abdicaverunt
623 1657 731 1720 tribus:

77 1744 100 1790 te
115 1733 253 1817 suadente,
268 1737 382 1802 Roscio
396 1738 541 1800 theatralis
561 1735 669 1800 auctori
690 1739 735 1799 le-

76 1830 110 1950 pt
129 1818 316 1900 ignoverunt,
336 1819 502 1903 notatasque
523 1818 552 1880 se
571 1817 734 1883 discrimine

88 1893 135 1955 edit
159 1922 238 1983 aquo
262 1904 362 1964 animo
387 1903 537 1963 tulerunt:
558 1917 589 1962 te
613 1920 734 1977 orante,

78 1975 280 2063 proscriptorum
300 1983 407 2044 liberos
425 1984 554 2043 honores
570 1999 669 2063 petere
680 2004 735 2065 pu·

78 2052 144 2119 duit:
165 2079 243 2124 tuum
269 2062 395 2126 Catilina
413 2062 443 2125 fu
464 2067 487 2124 it
505 2065 671 2145 ingenium:
700 2080 733 2126 tu

80 2129 115 2195 M.
124 2137 275 2206 Antonium
289 2143 446 2228 proscripti
472 2149 490 2206 ’.
519 2141 605 2208 Salve
622 2149 733 2226 primus

80 2221 190 2307 pruriunt
208 2246 311 2308 parens
331 2228 429 2307 patriae
445 2225 607 2309 appellate,
622 2228 734 2307 primus

81 2316 105 2389 tp
115 2303 174 2385 cogi
181 2308 353 2389 triumphurn
362 2308 525 2390 linguaque
537 2306 664 2367 lauream
672 2325 734 2367 tne-

80 2394 140 2451 Πΐθ,
156 2384 186 2445 dt
199 2386 338 2450 facundia
360 2388 505 2450 latiarutn
528 2406 565 2446 ue
585 2386 733 2448 literarum

80 2476 182 2535 patent:
195 2485 279 2551 atque
294 2468 349 2553 (ut
370 2468 492 2529 didatot
538 2464 624 2543 asar,
643 2466 734 2531 hostis

82 2544 207 2617 woodatn
232 2569 323 2626 tuus,
345 2549 383 2609 de
402 2567 431 2610 re
450 2545 580 2630 scripsit)
601 2552 736 2611 omniurn

81 2621 269 2706 triumphorum
293 2631 422 2692 lauream
444 2628 549 2712 adepte
572 2628 735 2712 majorem,

84 2709 174 2790 fluantd
189 2710 251 2790 plus
265 2710 306 2772 est
312 2713 443 2853 'oidtlsnfi
456 2711 581 2773 Rotnani
594 2712 735 2774 terminos

84 2799 107 2870 ψ
120 2798 219 2878 tantum
231 2811 315 2872 prom
357 2794 363 2807 ”
388 2814 423 2869 e,
432 2792 519 2876 quan
532 2794 648 2877 imperii
658 2832 670 2864 ,
682 2807 737 2857 ,te-

82 2856 153 2942 llus
169 2871 360 2937 minitoris.
707 2900 712 2905 ’

553 2949 613 3029 nn
