2004 3628
39 44 41 85 t

39 88 41 141 Ι

39 146 41 253 t

241 209 446 305 rrrs'ron
468 232 540 305 un.
560 234 637 308 vu.
709 258 754 336 95

39 414 41 435 ἶ
88 352 207 416 odarum
225 355 298 416 vitae
318 374 426 416 annum
448 372 509 414 non
535 354 687 419 excedere.
717 353 757 417 Et

88 436 143 505 tlibi
160 434 250 495 caudit
265 435 375 496 villosi
384 435 519 496 homines
540 433 613 496 nasci
631 434 757 518 pernici·

39 516 60 555 Ψ
89 517 140 576 tatis
153 518 284 592 eximiae,
305 517 377 576 alios
398 515 513 577 auribus
529 531 609 576 totos
628 519 755 599 contegi·

39 616 40 623 ¹
89 594 171 657 Oritas
185 597 219 656 ab
231 595 315 658 Indis
333 596 423 656 Arbis
439 597 544 659 fluvius
570 594 756 660 disterminat.

90 672 122 734 Hi
137 678 241 738 nullum
267 678 362 746 alium
388 677 487 737 cibum
509 696 647 750 novere,
668 677 755 761 quim

90 756 209 837 piscium,
228 778 307 839 quos
326 757 468 840 unguibus
479 755 610 818 dissesios
619 754 686 819 Sole
696 777 756 820 ror·

89 856 259 920 reantratque
269 841 315 900 ita
324 857 428 920 panem
436 859 473 899 ex
482 837 527 898 his
537 836 704 912 faciunt,ur
714 860 756 902 re·
777 870 792 901 u

91 913 136 977 serr
143 917 322 1001 Clitarchus,
335 916 397 979 Tro
418 917 629 1000 lodytassuper
639 918 756 985 jAEthio·

92 999 157 1077 piam
171 1000 337 1063 velociores
361 939 417 1060 etti
437 1002 540 1081 equis,
561 998 616 1060 Per
636 1020 756 1061 amenus

92 1075 185 1140 Crates.
201 1080 276 1142 Item
301 1079 454 1161 AEthiopas
471 1079 576 1141 odona
587 1020 757 1143 cuiriralon·

94 1159 201 1238 gitudine
221 1161 391 1224 excedere:
413 1157 553 1241 Syrbotas
574 1163 676 1223 vocari
684 1182 755 1244 gen.

93 1254 141 1298 rem
158 1261 227 1304 eam.

95 1367 100 1375 .
125 1317 280 1384 Nomadum
305 1321 499 1403 AErhiopum‚
525 1318 681 1382 secundum
700 1321 756 1385 flu·

94 1418 150 1460 men
167 1401 321 1487 Astragum
336 1404 373 1463 ad
390 1401 627 1484 septemtrionem
634 1423 755 1485 vergen-

95 1481 168 1556 tium,
187 1504 253 1567 gens
275 1482 521 1545 Menisminorum
537 1482 755 1563 appellata‚ab·

96 1559 130 1620 est
144 1564 174 1623 ab
192 1587 305 1635 oceano
319 1564 433 1626 dierum
444 1565 545 1623 itinere
562 1563 756 1643 viginti,ani·

96 1642 221 1721 melium,
240 1668 307 1729 quae
333 1641 563 1726 Cynocephalos
593 1661 733 1709 vocamus
741 1684 755 1714 ,

96 1718 155 1784 lade
171 1728 257 1801 vivit,
274 1746 401 1809 quorum
418 1740 546 1785 armenta
574 1720 650 1793 ,ascit
666 1725 755 1783 mari·

96 1797 140 1861 bus
148 1806 342 1889 interemptis,
353 1822 542 1889 praeterquam
559 1743 667 1863 sobolis
686 1824 753 1864 cau·

96 1881 129 1942 sd
145 1882 175 1944 ln
188 1886 294 1951 Africae
305 1885 503 1948 solitudinibus
519 1884 671 1945 hominum
690 1883 753 1965 spe·

96 1963 144 2024 ries
162 1966 253 2031 obviae
275 1967 396 2028 subinde
416 1965 511 2038 fiunt,
539 1980 751 2047 momentoque

97 2046 261 2111 evanescunt.
291 2044 364 2109 Haec
393 2065 479 2129 atque
503 2045 571 2105 talia
599 2065 635 2105 ex
658 2044 755 2105 homi·

97 2140 155 2186 num
172 2148 274 2210 genere
297 2129 418 2190 ludibria
436 2127 511 2201 sibi,
529 2125 614 2186 nobis
632 2130 755 2186 miracu·

97 2201 134 2277 la,
150 2209 292 2291 ingeniosa
309 2207 377 2275 fecit
388 2225 496 2269 natura.
519 2205 556 2266 Et
569 2204 677 2344 simpulo
691 2209 755 2287 qui·

97 2283 171 2361 dem,
187 2311 248 2371 quae
262 2290 331 2353 facit
353 2293 384 2350 in
403 2290 482 2361 dies,
495 2308 527 2347 ac
540 2307 614 2368 prop
648 2285 752 2362 horas,

97 2368 154 2454 quis
172 2389 336 2432 enumerare
362 2369 479 2431 valeat?
500 2367 538 2426 ad
561 2366 754 2446 detegendam

98 2463 151 2520 etus
170 2455 340 2530 potentiam,
352 2449 546 2511 satissitinter
578 2447 754 2528 rodigiapo·

97 2522 166 2590 fuisse
181 2549 290 2613 gentes.
312 2531 391 2593 Hinc
406 2530 443 2593 ad
461 2526 545 2590 conse
568 2529 625 2588 ain
635 2526 754 2591 homine

96 2623 184 2682 pauca.

130 2686 177 2750 Ill.
196 2711 223 2773 3.
240 2692 302 2755 Ter
321 2693 433 2755 eminos
453 2689 528 2755 nasci
551 2706 663 2752 certum
688 2684 757 2761 est,

97 2758 268 2843 Herodorum
287 2714 533 2856 (iuriatiorumque
544 2765 760 2852 exemplorsu·
