<?xml version="1.0" encoding="UTF-8"?>
<!DOCTYPE html PUBLIC "-//W3C//DTD XHTML 1.0 Transitional//EN"
    "http://www.w3.org/TR/xhtml1/DTD/xhtml1-transitional.dtd">
<html xmlns="http://www.w3.org/1999/xhtml" xml:lang="en" lang="en">
 <head>
  <title>
</title>
<meta http-equiv="Content-Type" content="text/html;charset=utf-8" />
  <meta name='ocr-system' content='tesseract 3.04.00' />
  <meta name='ocr-capabilities' content='ocr_page ocr_carea ocr_par ocr_line ocrx_word'/>
</head>
<body>
  <div class='ocr_page' id='page_1' title='image "./caiipliniisecun00brotgoog_0103.png"; bbox 0 0 2004 3628; ppageno 0'>
   <div class='ocr_carea' id='block_1_1' title="bbox 153 216 828 389">
    <p class='ocr_par' dir='ltr' id='par_1_1' title="bbox 153 216 828 389">
     <span class='ocr_line' id='line_1_1' title="bbox 153 216 828 389; baseline -0.003 -44"><span class='ocrx_word' id='word_1_1' title='bbox 153 297 159 303; x_wconf 53' lang='lat'>¹</span> <span class='ocrx_word' id='word_1_2' title='bbox 200 296 293 389; x_wconf 13' lang='lat'>¹94¹</span> <span class='ocrx_word' id='word_1_3' title='bbox 321 216 828 349; x_wconf 36' lang='lat' dir='ltr'>CthtunNnvns</span> 
     </span>
    </p>
   </div>
   <div class='ocr_carea' id='block_1_2' title="bbox 213 390 985 2244">
    <p class='ocr_par' dir='ltr' id='par_1_2' title="bbox 215 390 985 779">
     <span class='ocr_line' id='line_1_2' title="bbox 216 390 912 480; baseline -0.003 -23"><span class='ocrx_word' id='word_1_4' title='bbox 216 418 270 480; x_wconf 82' lang='lat' dir='ltr'>pas</span> <span class='ocrx_word' id='word_1_5' title='bbox 290 395 500 457; x_wconf 86' lang='lat' dir='ltr'>Macrobios&amp;</span> <span class='ocrx_word' id='word_1_6' title='bbox 515 391 597 454; x_wconf 87' lang='lat' dir='ltr'>Seras</span> <span class='ocrx_word' id='word_1_7' title='bbox 614 390 776 465; x_wconf 81' lang='lat' dir='ltr'>existimat,</span> <span class='ocrx_word' id='word_1_8' title='bbox 797 393 833 454; x_wconf 90' lang='lat'><strong>&amp;</strong></span> <span class='ocrx_word' id='word_1_9' title='bbox 855 392 912 476; x_wconf 87' lang='lat' dir='ltr'>qui</span> 
     </span>
     <span class='ocr_line' id='line_1_3' title="bbox 219 474 985 555; baseline -0.008 -16"><span class='ocrx_word' id='word_1_10' title='bbox 219 477 322 539; x_wconf 71' lang='lat' dir='ltr'>Athon</span> <span class='ocrx_word' id='word_1_11' title='bbox 347 493 479 537; x_wconf 85' lang='lat' dir='ltr'>montem</span> <span class='ocrx_word' id='word_1_12' title='bbox 498 475 646 535; x_wconf 82' lang='lat' dir='ltr'>incolant:</span> <span class='ocrx_word' id='word_1_13' title='bbox 674 474 730 533; x_wconf 84' lang='lat' dir='ltr'>hos</span> <span class='ocrx_word' id='word_1_14' title='bbox 758 474 912 554; x_wconf 72' lang='lat' dir='ltr'>quidem‘,</span> <span class='ocrx_word' id='word_1_15' title='bbox 984 476 985 555; x_wconf 76' lang='lat'>¹</span> 
     </span>
     <span class='ocr_line' id='line_1_4' title="bbox 216 554 985 649; baseline -0.001 -33"><span class='ocrx_word' id='word_1_16' title='bbox 216 562 287 640; x_wconf 86' lang='lat' dir='ltr'>quia</span> <span class='ocrx_word' id='word_1_17' title='bbox 297 559 436 639; x_wconf 78' lang='lat' dir='ltr'>viperinis</span> <span class='ocrx_word' id='word_1_18' title='bbox 453 556 585 616; x_wconf 82' lang='lat' dir='ltr'>carnibus</span> <span class='ocrx_word' id='word_1_19' title='bbox 602 554 724 614; x_wconf 84' lang='lat' dir='ltr'>alantur:</span> <span class='ocrx_word' id='word_1_20' title='bbox 736 555 837 635; x_wconf 86' lang='lat' dir='ltr'>itaque</span> <span class='ocrx_word' id='word_1_21' title='bbox 848 576 911 615; x_wconf 86' lang='lat' dir='ltr'>nec</span> <span class='ocrx_word' id='word_1_22' title='bbox 984 594 985 649; x_wconf 93' lang='lat'>¹</span> 
     </span>
     <span class='ocr_line' id='line_1_5' title="bbox 215 636 985 719; baseline -0.004 -20"><span class='ocrx_word' id='word_1_23' title='bbox 215 640 324 719; x_wconf 80' lang='lat' dir='ltr'>capiti,</span> <span class='ocrx_word' id='word_1_24' title='bbox 343 658 398 698; x_wconf 90' lang='lat' dir='ltr'>nec</span> <span class='ocrx_word' id='word_1_25' title='bbox 415 636 544 697; x_wconf 84' lang='lat' dir='ltr'>vestibus</span> <span class='ocrx_word' id='word_1_26' title='bbox 561 656 665 698; x_wconf 88' lang='lat' dir='ltr'>eorum</span> <span class='ocrx_word' id='word_1_27' title='bbox 676 636 764 696; x_wconf 85' lang='lat' dir='ltr'>noxia</span> <span class='ocrx_word' id='word_1_28' title='bbox 781 637 909 719; x_wconf 86' lang='lat' dir='ltr'>corpori</span> <span class='ocrx_word' id='word_1_29' title='bbox 984 652 985 711; x_wconf 59' lang='grc' dir='ltr'>ξ</span> 
     </span>
     <span class='ocr_line' id='line_1_6' title="bbox 217 716 468 779; baseline -0.004 0"><span class='ocrx_word' id='word_1_30' title='bbox 217 717 308 779; x_wconf 79' lang='lat' dir='ltr'>inesse</span> <span class='ocrx_word' id='word_1_31' title='bbox 327 716 468 778; x_wconf 76' lang='lat' dir='ltr'>animatia.</span> 
     </span>
    </p>

    <p class='ocr_par' dir='ltr' id='par_1_3' title="bbox 213 794 985 2244">
     <span class='ocr_line' id='line_1_7' title="bbox 259 794 985 877; baseline -0.006 -16"><span class='ocrx_word' id='word_1_32' title='bbox 259 796 439 861; x_wconf 74' lang='lat' dir='ltr'>Onesicritus</span> <span class='ocrx_word' id='word_1_33' title='bbox 452 843 462 871; x_wconf 93' lang='lat'>‚</span> <span class='ocrx_word' id='word_1_34' title='bbox 475 795 579 877; x_wconf 80' lang='lat' dir='ltr'>quibus</span> <span class='ocrx_word' id='word_1_35' title='bbox 591 794 665 856; x_wconf 84' lang='lat' dir='ltr'>locis</span> <span class='ocrx_word' id='word_1_36' title='bbox 680 794 771 857; x_wconf 81' lang='lat' dir='ltr'>Indiae</span> <span class='ocrx_word' id='word_1_37' title='bbox 786 795 906 857; x_wconf 79' lang='lat' dir='ltr'>umbrae</span> <span class='ocrx_word' id='word_1_38' title='bbox 984 812 985 847; x_wconf 71' lang='lat' dir='ltr'>t</span> 
     </span>
     <span class='ocr_line' id='line_1_8' title="bbox 216 875 985 960; baseline -0.004 -20"><span class='ocrx_word' id='word_1_39' title='bbox 216 899 279 941; x_wconf 88' lang='lat' dir='ltr'>non</span> <span class='ocrx_word' id='word_1_40' title='bbox 298 881 376 956; x_wconf 82' lang='lat' dir='ltr'>sint,</span> <span class='ocrx_word' id='word_1_41' title='bbox 401 896 524 960; x_wconf 78' lang='lat' dir='ltr'>corpora</span> <span class='ocrx_word' id='word_1_42' title='bbox 552 875 705 937; x_wconf 87' lang='lat' dir='ltr'>hominum</span> <span class='ocrx_word' id='word_1_43' title='bbox 734 876 907 937; x_wconf 82' lang='lat' dir='ltr'>cubitorum</span> <span class='ocrx_word' id='word_1_44' title='bbox 984 886 985 937; x_wconf 68' lang='lat' dir='ltr'>i</span> 
     </span>
     <span class='ocr_line' id='line_1_9' title="bbox 217 956 985 1053; baseline -0.004 -32"><span class='ocrx_word' id='word_1_45' title='bbox 217 960 359 1042; x_wconf 70' lang='lat' dir='ltr'>quinum,</span> <span class='ocrx_word' id='word_1_46' title='bbox 376 960 409 1020; x_wconf 90' lang='lat'>&amp;</span> <span class='ocrx_word' id='word_1_47' title='bbox 424 959 558 1019; x_wconf 88' lang='lat' dir='ltr'>binorum</span> <span class='ocrx_word' id='word_1_48' title='bbox 575 956 737 1036; x_wconf 83' lang='lat' dir='ltr'>palmorum</span> <span class='ocrx_word' id='word_1_49' title='bbox 752 956 906 1032; x_wconf 84' lang='lat' dir='ltr'>exsistere,</span> <span class='ocrx_word' id='word_1_50' title='bbox 984 970 985 1053; x_wconf 93' lang='lat'>¹</span> 
     </span>
     <span class='ocr_line' id='line_1_10' title="bbox 217 1036 985 1125; baseline -0.008 -21"><span class='ocrx_word' id='word_1_51' title='bbox 217 1043 253 1104; x_wconf 85' lang='lat'>&amp;</span> <span class='ocrx_word' id='word_1_52' title='bbox 267 1045 368 1101; x_wconf 89' lang='lat' dir='ltr'>vivere</span> <span class='ocrx_word' id='word_1_53' title='bbox 387 1060 478 1100; x_wconf 78' lang='lat' dir='ltr'>annos</span> <span class='ocrx_word' id='word_1_54' title='bbox 496 1053 612 1098; x_wconf 89' lang='lat' dir='ltr'>centum</span> <span class='ocrx_word' id='word_1_55' title='bbox 629 1040 759 1120; x_wconf 81' lang='lat' dir='ltr'>triginta,</span> <span class='ocrx_word' id='word_1_56' title='bbox 779 1058 837 1099; x_wconf 85' lang='lat' dir='ltr'>nec</span> <span class='ocrx_word' id='word_1_57' title='bbox 857 1036 906 1098; x_wconf 86' lang='lat' dir='ltr'>se·</span> <span class='ocrx_word' id='word_1_58' title='bbox 984 1056 985 1125; x_wconf 84' lang='lat'>¹</span> 
     </span>
     <span class='ocr_line' id='line_1_11' title="bbox 216 1117 985 1196; baseline -0.007 -14"><span class='ocrx_word' id='word_1_59' title='bbox 216 1120 356 1194; x_wconf 87' lang='lat' dir='ltr'>nescere,</span> <span class='ocrx_word' id='word_1_60' title='bbox 378 1118 427 1180; x_wconf 91' lang='lat' dir='ltr'>sed</span> <span class='ocrx_word' id='word_1_61' title='bbox 448 1136 481 1180; x_wconf 89' lang='lat' dir='ltr'>ut</span> <span class='ocrx_word' id='word_1_62' title='bbox 501 1117 600 1178; x_wconf 85' lang='lat' dir='ltr'>medio</span> <span class='ocrx_word' id='word_1_63' title='bbox 620 1141 702 1190; x_wconf 86' lang='lat' dir='ltr'>aevo,</span> <span class='ocrx_word' id='word_1_64' title='bbox 722 1120 809 1179; x_wconf 86' lang='lat' dir='ltr'>mori.</span> <span class='ocrx_word' id='word_1_65' title='bbox 827 1117 908 1196; x_wconf 51' lang='lat' dir='ltr'>Cras</span> <span class='ocrx_word' id='word_1_66' title='bbox 984 1128 985 1151; x_wconf 71' lang='lat'>³</span> 
     </span>
     <span class='ocr_line' id='line_1_12' title="bbox 218 1199 904 1283; baseline -0.003 -23"><span class='ocrx_word' id='word_1_67' title='bbox 218 1217 265 1261; x_wconf 85' lang='lat' dir='ltr'>tes</span> <span class='ocrx_word' id='word_1_68' title='bbox 281 1201 472 1283; x_wconf 82' lang='lat' dir='ltr'>Pergamenus</span> <span class='ocrx_word' id='word_1_69' title='bbox 487 1199 594 1271; x_wconf 77' lang='lat' dir='ltr'>indos,</span> <span class='ocrx_word' id='word_1_70' title='bbox 615 1201 664 1282; x_wconf 86' lang='lat' dir='ltr'>qui</span> <span class='ocrx_word' id='word_1_71' title='bbox 684 1216 827 1260; x_wconf 85' lang='lat' dir='ltr'>centenos</span> <span class='ocrx_word' id='word_1_72' title='bbox 851 1221 904 1258; x_wconf 87' lang='lat' dir='ltr'>an·</span> 
     </span>
     <span class='ocr_line' id='line_1_13' title="bbox 217 1278 904 1362; baseline -0.003 -20"><span class='ocrx_word' id='word_1_73' title='bbox 217 1302 275 1342; x_wconf 83' lang='lat' dir='ltr'>ttos</span> <span class='ocrx_word' id='word_1_74' title='bbox 302 1282 463 1353; x_wconf 83' lang='lat' dir='ltr'>excedant,</span> <span class='ocrx_word' id='word_1_75' title='bbox 481 1278 646 1361; x_wconf 74' lang='lat' dir='ltr'>Gymnetes</span> <span class='ocrx_word' id='word_1_76' title='bbox 671 1281 820 1362; x_wconf 85' lang='lat' dir='ltr'>appellat,</span> <span class='ocrx_word' id='word_1_77' title='bbox 839 1299 904 1340; x_wconf 90' lang='lat' dir='ltr'>non</span> 
     </span>
     <span class='ocr_line' id='line_1_14' title="bbox 218 1358 902 1443; baseline 0 -23"><span class='ocrx_word' id='word_1_78' title='bbox 218 1363 304 1443; x_wconf 87' lang='lat' dir='ltr'>pauci</span> <span class='ocrx_word' id='word_1_79' title='bbox 322 1361 500 1422; x_wconf 84' lang='lat' dir='ltr'>Macrobios.</span> <span class='ocrx_word' id='word_1_80' title='bbox 522 1358 636 1420; x_wconf 84' lang='lat' dir='ltr'>Ctesias</span> <span class='ocrx_word' id='word_1_81' title='bbox 650 1372 766 1443; x_wconf 79' lang='lat' dir='ltr'>gentem</span> <span class='ocrx_word' id='word_1_82' title='bbox 784 1379 822 1420; x_wconf 82' lang='lat' dir='ltr'>ex</span> <span class='ocrx_word' id='word_1_83' title='bbox 840 1363 902 1434; x_wconf 81' lang='lat' dir='ltr'>his,</span> 
     </span>
     <span class='ocr_line' id='line_1_15' title="bbox 218 1436 902 1524; baseline 0 -22"><span class='ocrx_word' id='word_1_84' title='bbox 218 1462 285 1523; x_wconf 80' lang='lat' dir='ltr'>quae</span> <span class='ocrx_word' id='word_1_85' title='bbox 312 1441 473 1524; x_wconf 81' lang='lat' dir='ltr'>appelletur</span> <span class='ocrx_word' id='word_1_86' title='bbox 496 1436 648 1514; x_wconf 88' lang='lat' dir='ltr'>Pandore,</span> <span class='ocrx_word' id='word_1_87' title='bbox 664 1446 694 1501; x_wconf 88' lang='lat' dir='ltr'>in</span> <span class='ocrx_word' id='word_1_88' title='bbox 711 1441 902 1502; x_wconf 67' lang='lat' dir='ltr'>convallibus</span> 
     </span>
     <span class='ocr_line' id='line_1_16' title="bbox 218 1519 902 1601; baseline 0.001 -19"><span class='ocrx_word' id='word_1_89' title='bbox 218 1525 321 1598; x_wconf 76' lang='lat' dir='ltr'>uitam,</span> <span class='ocrx_word' id='word_1_90' title='bbox 342 1544 431 1585; x_wconf 89' lang='lat' dir='ltr'>annos</span> <span class='ocrx_word' id='word_1_91' title='bbox 450 1522 578 1582; x_wconf 88' lang='lat' dir='ltr'>ducenos</span> <span class='ocrx_word' id='word_1_92' title='bbox 593 1524 695 1583; x_wconf 81' lang='lat' dir='ltr'>vivere</span> <span class='ocrx_word' id='word_1_93' title='bbox 706 1566 717 1595; x_wconf 86' lang='lat'>,</span> <span class='ocrx_word' id='word_1_94' title='bbox 730 1526 758 1582; x_wconf 95' lang='lat' dir='ltr'>in</span> <span class='ocrx_word' id='word_1_95' title='bbox 776 1519 902 1601; x_wconf 66' lang='lat' dir='ltr'>juventi</span> 
     </span>
     <span class='ocr_line' id='line_1_17' title="bbox 216 1600 901 1686; baseline 0.001 -23"><span class='ocrx_word' id='word_1_96' title='bbox 216 1604 343 1665; x_wconf 83' lang='lat' dir='ltr'>candido</span> <span class='ocrx_word' id='word_1_97' title='bbox 356 1603 476 1686; x_wconf 69' lang='lat' dir='ltr'>cupido,</span> <span class='ocrx_word' id='word_1_98' title='bbox 495 1604 583 1684; x_wconf 85' lang='lat' dir='ltr'>quiin</span> <span class='ocrx_word' id='word_1_99' title='bbox 596 1600 739 1663; x_wconf 73' lang='lat' dir='ltr'>senedute</span> <span class='ocrx_word' id='word_1_100' title='bbox 746 1603 901 1685; x_wconf 82' lang='lat' dir='ltr'>nigrescat.</span> 
     </span>
     <span class='ocr_line' id='line_1_18' title="bbox 217 1681 899 1764; baseline 0 -21"><span class='ocrx_word' id='word_1_101' title='bbox 217 1681 332 1743; x_wconf 67' lang='lat' dir='ltr'>Contri</span> <span class='ocrx_word' id='word_1_102' title='bbox 348 1685 440 1755; x_wconf 79' lang='lat' dir='ltr'>alios,</span> <span class='ocrx_word' id='word_1_103' title='bbox 456 1683 655 1764; x_wconf 81' lang='lat' dir='ltr'>quadragenos</span> <span class='ocrx_word' id='word_1_104' title='bbox 674 1705 734 1744; x_wconf 90' lang='lat' dir='ltr'>non</span> <span class='ocrx_word' id='word_1_105' title='bbox 752 1685 899 1745; x_wconf 82' lang='lat' dir='ltr'>excedere</span> 
     </span>
     <span class='ocr_line' id='line_1_19' title="bbox 216 1759 899 1846; baseline 0.003 -25"><span class='ocrx_word' id='word_1_106' title='bbox 216 1781 329 1837; x_wconf 81' lang='lat' dir='ltr'>annos,</span> <span class='ocrx_word' id='word_1_107' title='bbox 342 1759 455 1842; x_wconf 71' lang='lat' dir='ltr'>jundos</span> <span class='ocrx_word' id='word_1_108' title='bbox 474 1761 652 1839; x_wconf 85' lang='lat' dir='ltr'>Macrobiis,</span> <span class='ocrx_word' id='word_1_109' title='bbox 668 1785 793 1846; x_wconf 84' lang='lat' dir='ltr'>quotum</span> <span class='ocrx_word' id='word_1_110' title='bbox 809 1763 899 1827; x_wconf 80' lang='lat' dir='ltr'>fenti·</span> 
     </span>
     <span class='ocr_line' id='line_1_20' title="bbox 217 1840 899 1927; baseline 0.003 -25"><span class='ocrx_word' id='word_1_111' title='bbox 217 1862 263 1902; x_wconf 83' lang='lat' dir='ltr'>nae</span> <span class='ocrx_word' id='word_1_112' title='bbox 284 1840 373 1902; x_wconf 87' lang='lat' dir='ltr'>semel</span> <span class='ocrx_word' id='word_1_113' title='bbox 390 1844 518 1925; x_wconf 84' lang='lat' dir='ltr'>patiant:</span> <span class='ocrx_word' id='word_1_114' title='bbox 539 1844 627 1926; x_wconf 86' lang='lat' dir='ltr'>idque</span> <span class='ocrx_word' id='word_1_115' title='bbox 651 1845 684 1905; x_wconf 88' lang='lat'>&amp;</span> <span class='ocrx_word' id='word_1_116' title='bbox 705 1843 899 1927; x_wconf 80' lang='lat' dir='ltr'>Agatharchi-</span> 
     </span>
     <span class='ocr_line' id='line_1_21' title="bbox 216 1923 898 2000; baseline 0.007 -18"><span class='ocrx_word' id='word_1_117' title='bbox 216 1923 271 1982; x_wconf 82' lang='lat' dir='ltr'>des</span> <span class='ocrx_word' id='word_1_118' title='bbox 288 1923 384 1983; x_wconf 86' lang='lat' dir='ltr'>tradit.</span> <span class='ocrx_word' id='word_1_119' title='bbox 410 1923 552 1984; x_wconf 81' lang='lat' dir='ltr'>Praeterea</span> <span class='ocrx_word' id='word_1_120' title='bbox 572 1923 688 1985; x_wconf 87' lang='lat' dir='ltr'>locustis</span> <span class='ocrx_word' id='word_1_121' title='bbox 709 1945 761 1986; x_wconf 89' lang='lat' dir='ltr'>eos</span> <span class='ocrx_word' id='word_1_122' title='bbox 782 1927 841 2000; x_wconf 83' lang='lat' dir='ltr'>ali,</span> <span class='ocrx_word' id='word_1_123' title='bbox 865 1927 898 1987; x_wconf 89' lang='lat'>&amp;</span> 
     </span>
     <span class='ocr_line' id='line_1_22' title="bbox 215 2001 898 2069; baseline 0.004 -5"><span class='ocrx_word' id='word_1_124' title='bbox 215 2001 275 2064; x_wconf 82' lang='lat' dir='ltr'>effe</span> <span class='ocrx_word' id='word_1_125' title='bbox 319 2006 439 2065; x_wconf 82' lang='lat' dir='ltr'>emices.</span> <span class='ocrx_word' id='word_1_126' title='bbox 464 2003 643 2069; x_wconf 80' lang='lat' dir='ltr'>Mandorum</span> <span class='ocrx_word' id='word_1_127' title='bbox 665 2026 774 2067; x_wconf 86' lang='lat' dir='ltr'>nomen</span> <span class='ocrx_word' id='word_1_128' title='bbox 794 2008 830 2065; x_wconf 88' lang='lat' dir='ltr'>iis</span> <span class='ocrx_word' id='word_1_129' title='bbox 848 2006 898 2067; x_wconf 89' lang='lat' dir='ltr'>de·</span> 
     </span>
     <span class='ocr_line' id='line_1_23' title="bbox 216 2025 898 2167; baseline 0.004 -23"><span class='ocrx_word' id='word_1_130' title='bbox 216 2084 260 2144; x_wconf 89' lang='lat' dir='ltr'>dit</span> <span class='ocrx_word' id='word_1_131' title='bbox 289 2025 466 2158; x_wconf 64' lang='lat' dir='ltr'>dlitarchus,</span> <span class='ocrx_word' id='word_1_132' title='bbox 484 2086 518 2146; x_wconf 87' lang='lat'>&amp;</span> <span class='ocrx_word' id='word_1_133' title='bbox 535 2084 758 2167; x_wconf 67' lang='lat' dir='ltr'>Megzsthenes‚</span> <span class='ocrx_word' id='word_1_134' title='bbox 779 2104 898 2149; x_wconf 83' lang='lat' dir='ltr'>trecen·</span> 
     </span>
     <span class='ocr_line' id='line_1_24' title="bbox 213 2161 895 2244; baseline 0.004 -20"><span class='ocrx_word' id='word_1_135' title='bbox 213 2161 319 2244; x_wconf 88' lang='lat' dir='ltr'>tosque</span> <span class='ocrx_word' id='word_1_136' title='bbox 338 2184 440 2226; x_wconf 86' lang='lat' dir='ltr'>eorum</span> <span class='ocrx_word' id='word_1_137' title='bbox 456 2167 538 2225; x_wconf 87' lang='lat' dir='ltr'>vicos</span> <span class='ocrx_word' id='word_1_138' title='bbox 558 2166 742 2227; x_wconf 66' lang='lat' dir='ltr'>adnumerat:</span> <span class='ocrx_word' id='word_1_139' title='bbox 760 2166 895 2229; x_wconf 76' lang='lat' dir='ltr'>Femniat</span> 
     </span>
    </p>
   </div>
   <div class='ocr_carea' id='block_1_3' title="bbox 214 2242 896 2333">
    <p class='ocr_par' dir='ltr' id='par_1_4' title="bbox 214 2242 896 2333">
     <span class='ocr_line' id='line_1_25' title="bbox 214 2242 896 2333; baseline 0.009 -30"><span class='ocrx_word' id='word_1_140' title='bbox 214 2242 341 2326; x_wconf 84' lang='lat' dir='ltr'>septimo</span> <span class='ocrx_word' id='word_1_141' title='bbox 352 2248 444 2307; x_wconf 84' lang='lat' dir='ltr'>aetatis</span> <span class='ocrx_word' id='word_1_142' title='bbox 456 2266 531 2306; x_wconf 83' lang='lat' dir='ltr'>anno</span> <span class='ocrx_word' id='word_1_143' title='bbox 543 2266 662 2327; x_wconf 83' lang='lat' dir='ltr'>parere,</span> <span class='ocrx_word' id='word_1_144' title='bbox 672 2245 814 2309; x_wconf 63' lang='lat' dir='ltr'>senefiam</span> <span class='ocrx_word' id='word_1_145' title='bbox 826 2269 896 2333; x_wconf 73' lang='lat' dir='ltr'>qua·</span> 
     </span>
    </p>
   </div>
   <div class='ocr_carea' id='block_1_4' title="bbox 211 2325 896 2898">
    <p class='ocr_par' dir='ltr' id='par_1_5' title="bbox 216 2325 546 2466">
     <span class='ocr_line' id='line_1_26' title="bbox 216 2325 546 2466; baseline 0.009 -81"><span class='ocrx_word' id='word_1_146' title='bbox 216 2325 384 2466; x_wconf 46' lang='lat' dir='ltr'>dragesimo</span> <span class='ocrx_word' id='word_1_147' title='bbox 405 2327 546 2388; x_wconf 83' lang='lat' dir='ltr'>accidere.</span> 
     </span>
    </p>

    <p class='ocr_par' dir='ltr' id='par_1_6' title="bbox 211 2405 896 2898">
     <span class='ocr_line' id='line_1_27' title="bbox 220 2405 896 2491; baseline 0.01 -26"><span class='ocrx_word' id='word_1_148' title='bbox 220 2440 224 2444; x_wconf 19' lang='grc' dir='ltr'><strong>Δ</strong></span> <span class='ocrx_word' id='word_1_149' title='bbox 289 2408 479 2482; x_wconf 84' lang='lat' dir='ltr'>rtetnidorus‚</span> <span class='ocrx_word' id='word_1_150' title='bbox 490 2410 520 2467; x_wconf 89' lang='lat' dir='ltr'>in</span> <span class='ocrx_word' id='word_1_151' title='bbox 533 2405 707 2491; x_wconf 75' lang='lat' dir='ltr'>Taproband</span> <span class='ocrx_word' id='word_1_152' title='bbox 728 2409 817 2470; x_wconf 75' lang='lat' dir='ltr'>insuld</span> <span class='ocrx_word' id='word_1_153' title='bbox 828 2410 896 2472; x_wconf 62' lang='lat' dir='ltr'>lons</span> 
     </span>
     <span class='ocr_line' id='line_1_28' title="bbox 216 2486 895 2573; baseline 0.012 -29"><span class='ocrx_word' id='word_1_154' title='bbox 216 2486 364 2568; x_wconf 79' lang='lat' dir='ltr'>gissimatn</span> <span class='ocrx_word' id='word_1_155' title='bbox 383 2491 473 2550; x_wconf 86' lang='lat' dir='ltr'>vitam</span> <span class='ocrx_word' id='word_1_156' title='bbox 498 2491 559 2550; x_wconf 90' lang='lat' dir='ltr'>sine</span> <span class='ocrx_word' id='word_1_157' title='bbox 584 2490 644 2550; x_wconf 84' lang='lat' dir='ltr'>ullo</span> <span class='ocrx_word' id='word_1_158' title='bbox 676 2493 808 2573; x_wconf 80' lang='lat' dir='ltr'>corporis</span> <span class='ocrx_word' id='word_1_159' title='bbox 828 2491 895 2552; x_wconf 83' lang='lat' dir='ltr'>lan·</span> 
     </span>
     <span class='ocr_line' id='line_1_29' title="bbox 215 2568 894 2652; baseline 0.013 -29"><span class='ocrx_word' id='word_1_160' title='bbox 215 2585 308 2647; x_wconf 71' lang='lat' dir='ltr'>guone</span> <span class='ocrx_word' id='word_1_161' title='bbox 326 2568 445 2630; x_wconf 87' lang='lat' dir='ltr'>traduci.</span> <span class='ocrx_word' id='word_1_162' title='bbox 465 2569 576 2644; x_wconf 88' lang='lat' dir='ltr'>Duris,</span> <span class='ocrx_word' id='word_1_163' title='bbox 595 2569 733 2632; x_wconf 84' lang='lat' dir='ltr'>Indorum</span> <span class='ocrx_word' id='word_1_164' title='bbox 753 2570 894 2652; x_wconf 82' lang='lat' dir='ltr'>quosdam</span> 
     </span>
     <span class='ocr_line' id='line_1_30' title="bbox 216 2646 892 2734; baseline 0.009 -29"><span class='ocrx_word' id='word_1_165' title='bbox 216 2666 285 2706; x_wconf 80' lang='lat' dir='ltr'>cum</span> <span class='ocrx_word' id='word_1_166' title='bbox 304 2646 371 2708; x_wconf 77' lang='lat' dir='ltr'>feris</span> <span class='ocrx_word' id='word_1_167' title='bbox 387 2652 491 2723; x_wconf 86' lang='lat' dir='ltr'>coire,</span> <span class='ocrx_word' id='word_1_168' title='bbox 513 2651 674 2734; x_wconf 87' lang='lat' dir='ltr'>mixtosque</span> <span class='ocrx_word' id='word_1_169' title='bbox 693 2654 725 2712; x_wconf 90' lang='lat'>&amp;</span> <span class='ocrx_word' id='word_1_170' title='bbox 741 2649 892 2714; x_wconf 75' lang='lat' dir='ltr'>semiferos</span> 
     </span>
     <span class='ocr_line' id='line_1_31' title="bbox 215 2725 892 2815; baseline 0.012 -29"><span class='ocrx_word' id='word_1_171' title='bbox 215 2725 272 2787; x_wconf 82' lang='lat' dir='ltr'>effe</span> <span class='ocrx_word' id='word_1_172' title='bbox 295 2745 402 2811; x_wconf 69' lang='lat' dir='ltr'>partun</span> <span class='ocrx_word' id='word_1_173' title='bbox 432 2728 465 2790; x_wconf 88' lang='lat' dir='ltr'>In</span> <span class='ocrx_word' id='word_1_174' title='bbox 490 2728 618 2815; x_wconf 86' lang='lat' dir='ltr'>Calingis</span> <span class='ocrx_word' id='word_1_175' title='bbox 647 2729 775 2813; x_wconf 82' lang='lat' dir='ltr'>ejusdem</span> <span class='ocrx_word' id='word_1_176' title='bbox 801 2731 892 2794; x_wconf 82' lang='lat' dir='ltr'>Indiae</span> 
     </span>
     <span class='ocr_line' id='line_1_32' title="bbox 211 2811 891 2898; baseline 0.012 -27"><span class='ocrx_word' id='word_1_177' title='bbox 211 2823 301 2894; x_wconf 79' lang='lat' dir='ltr'>gente</span> <span class='ocrx_word' id='word_1_178' title='bbox 327 2813 529 2895; x_wconf 76' lang='lat' dir='ltr'>quinquennes</span> <span class='ocrx_word' id='word_1_179' title='bbox 558 2813 715 2898; x_wconf 82' lang='lat' dir='ltr'>concipere</span> <span class='ocrx_word' id='word_1_180' title='bbox 745 2811 891 2890; x_wconf 72' lang='lat' dir='ltr'>feminas,</span> 
     </span>
    </p>
   </div>
   <div class='ocr_carea' id='block_1_5' title="bbox 0 0 1006 3628">
    <p class='ocr_par' dir='ltr' id='par_1_7' title="bbox 0 0 1006 3628">
     <span class='ocr_line' id='line_1_33' title="bbox 0 0 1006 3628; baseline 0 0"><span class='ocrx_word' id='word_1_181' title='bbox 0 0 1006 3628; x_wconf 95' lang='lat' dir='ltr'> </span> 
     </span>
    </p>
   </div>
  </div>
 </body>
</html>
