1978 3610
191 311 263 417 3'98
313 313 351 387 C.
373 313 560 386 Putnn
585 312 778 386 Neron.

191 459 225 503 et
240 457 289 497 mu
309 435 360 497 ‘tu.
377 432 440 495 Alii
447 430 531 495 focos
550 433 583 495 &
603 451 685 516 prata
701 435 812 496 crebris
831 430 887 497 foi

190 519 288 580 tamin'
311 537 344 578 us
355 512 666 588 excavant‚nollumo
678 514 800 577 stridore
817 537 887 578 vo·

189 599 276 662 cales.
297 597 410 660 Lucent
423 598 533 679 ignium
552 596 646 657 modo
667 595 751 657 nollo
765 641 778 668 ,
797 596 887 658 late-

188 699 254 742 rum
276 679 309 741 &
329 678 458 739 clunium
475 677 575 738 colore
586 675 762 759 lampyrides
772 720 782 750 ‚
793 696 883 739 nunc

189 780 352 844 pennarum
372 759 451 819 hiatu
479 755 675 840 refulgentes,
696 778 771 818 nune
795 761 883 820 verb

190 840 356 925 comptellu
374 837 573 912 obumbratae,
594 858 655 899 non
677 856 744 900 ante
762 853 881 900 matura

189 923 312 1006 pabula,
331 938 379 982 aut
391 917 455 1002 post
464 917 756 1060 desellaconsficuae.
767 917 882 980 Eton-

191 1006 281 1066 trario
298 1002 482 1063 tenebratum
502 1000 617 1061 alumna
633 999 731 1061 battis
748 1002 824 1074 vita,
834 1000 882 1063 lu·

191 1103 316 1167 temque
336 1081 471 1165 fugiunt,
489 1082 520 1141 in
539 1081 660 1141 balineis
680 1081 879 1142 meximehu·

191 1164 274 1228 mido
288 1183 400 1246 vapore
414 1178 573 1245 prognatae.
587 1161 714 1223 Fodiunt
723 1182 760 1223 ex
767 1161 877 1222 eodem

193 1264 301 1329 genere
320 1245 398 1306 rutili
415 1261 502 1327 atque
530 1243 712 1327 praegrandes
742 1239 881 1304 scarabei

191 1327 326 1387 tellurem
337 1326 464 1399 aridam,
479 1322 619 1406 favosque
635 1345 732 1406 parvae
747 1343 782 1384 ac
796 1320 883 1385 fistu-

192 1405 261 1470 losae
277 1406 368 1468 modo
387 1406 530 1499 spongia,
548 1405 693 1466 medicato
715 1404 805 1465 melle
826 1401 883 1465 fin-

194 1504 274 1573 gunt.
290 1486 324 1548 In
333 1485 458 1548 Thracia
466 1502 546 1567 Juxta
557 1483 727 1568 Olynthum
738 1485 821 1547 locus
834 1484 883 1547 est

192 1588 315 1653 parvus,
333 1570 364 1629 in
418 1588 438 1629 o
453 1586 547 1627 ‘unum
564 1567 622 1627 hoc
643 1566 749 1628 animal
777 1569 884 1627 exani·

193 1666 309 1723 matur,
323 1650 363 1711 ob
405 1669 441 1711 oc
460 1646 719 1710 Cantharolethrus
748 1648 885 1730 appella-

193 1747 250 1795 tus.

235 1810 341 1874 Penne
361 1807 473 1872 inseilis
500 1808 635 1872 omnibus
661 1809 723 1871 sine
744 1805 883 1874 scillotlt

193 1892 265 1954 nulli
282 1892 373 1954 cauda
392 1893 446 1953 nisi
467 1889 621 1973 scorpioni.
641 1889 699 1952 Hic
717 1911 822 1952 eorum
835 1889 884 1952 fo·

193 1974 238 2036 lus
257 1976 289 2038 δι
303 1973 418 2034 brachia
427 1973 531 2048 habet,
545 1973 616 2035 &in
626 1972 717 2033 caudl
726 1971 885 2055 spiculum.

193 2051 387 2136 Reliquorum
405 2051 574 2136 quibusdam
585 2054 701 2114 aculeus
713 2054 742 2113 in
750 2071 824 2128 ote,
845 2068 888 2114 ut

192 2132 286 2208 asilo,
301 2135 364 2194 sive
379 2134 516 2195 tabanum
534 2132 592 2195 dici
611 2132 723 2217 placet:
736 2136 805 2195 item
827 2153 885 2195 cu·

193 2214 258 2291 lici,
268 2214 301 2277 lt
314 2212 484 2298 quibusdam
493 2212 606 2276 muscis.
618 2210 764 2279 Omnibus
777 2230 885 2277 autem

192 2294 241 2356 his
260 2298 291 2356 in
311 2316 364 2358 ote
384 2297 416 2359 ἀ
453 2314 487 2358 to
513 2295 611 2380 lingui
634 2294 697 2358 sunt
718 2297 748 2357 hi
772 2296 884 2361 aculei.

193 2373 381 2455 Quibusdam
400 2316 538 2452 hehetes,
553 2394 650 2460 neque
668 2374 704 2438 ad
720 2373 882 2460 punhum,

193 2453 245 2516 sed
258 2457 296 2517 ad
305 2456 427 2530 sullum,
439 2475 473 2519 ut
485 2456 648 2520 mulcatum
675 2460 767 2534 eneti,
775 2460 805 2518 in
815 2477 883 2540 qno

194 2536 292 2619 hngua
320 2541 441 2603 evidens
464 2537 558 2600 fistula
578 2537 629 2601 est.
648 2477 711 2600 §ec
730 2539 793 2600 sunt
812 2539 883 2599 tali-

192 2616 367 2680 busdentes.
379 2619 453 2681 Aliis
464 2619 607 2682 cornicula
616 2637 682 2680 ante
693 2620 796 2682 oeulos
826 2640 883 2681 τε·

193 2698 352 2760 tenduntur
372 2702 492 2783 ignava,
509 2718 543 2762 ut
556 2701 759 2785 papilionibus.
784 2639 884 2781 ἅλε-

192 2780 263 2849 dem
272 2777 375 2842 insella
384 2800 481 2842 carent
490 2785 610 2865 pennis,
624 2799 658 2845 ut
674 2779 884 2866 scolopendra.

198 2926 201 2931 ⁴
234 2859 364 2928 mv.
383 2878 433 2953 29.
454 2861 636 2928 ‘ltuetlotnnt
656 2863 751 2947 pedet
771 2860 885 2948 quibuiv
