1966 3618
221 273 295 359 '²92
344 259 381 334 C.
406 260 587 332 Patron
612 257 805 332 Nurum

225 399 258 444 ut
267 379 385 443 chalcis:
398 379 537 460 cyprinus
550 375 657 454 sexies,
667 377 834 461 scorpiones
842 376 906 456 bit}

224 482 258 523 ac
272 460 344 544 sargi
361 479 433 522 vere
451 462 485 521 &
503 476 653 520 autumno.
664 459 708 520 Ex
698 460 810 601 ²planis
823 460 905 544 squa-

223 545 286 605 tina
305 543 365 602 bis:
384 539 444 601 sola
462 557 623 615 autumno,
642 561 697 601 occ
727 562 747 601 u
769 541 906 683 Vepp‘lia·

223 633 300 684 rum.
328 622 446 683 Plurimi
475 619 596 701 piscium
616 621 709 682 tribus
738 626 902 696 mensus,

222 700 555 786 ‘Aprili‚Maio‚lunio.
566 700 658 784 Salpae
671 718 809 763 autumno
823 726 831 764 s
846 700 904 768 sar.-

226 786 275 868 gi,
294 783 442 865 torpedo,
459 779 565 862 squali,
587 784 663 843 circa
683 781 902 865 equinodium:

226 865 334 927 molles
342 860 658 943 verezsepiaomnibus
668 864 823 924 mensibus.
833 860 903 924 Ova

225 943 290 1026 ejus
312 942 424 1026 glutino
459 946 609 1004 atramenti
629 943 668 1004 ad
687 942 812 1025 speciem
838 963 903 1004 uva

227 1025 421 1096 coltaerentia,
436 1022 578 1085 masculus
592 1023 777 1106 prosequitur
784 1024 901 1097 adflatu.

225 1105 296 1168 alias
318 1102 505 1167 sterilescunt.
527 1104 604 1185 Poly
625 1107 635 1165 i
659 1105 758 1166 hieme
781 1121 903 1177 coeunt,

226 1187 345 1268 pariunt
364 1206 436 1248 vere
454 1207 512 1248 ova
529 1125 743 1247 tortiiivibrata
754 1188 900 1268 pampino,

227 1266 310 1331 tanta
326 1264 523 1339 fecunditate,
544 1282 578 1327 ut
596 1267 812 1337 multitudinem
828 1287 902 1330 ovo-

228 1366 296 1411 rum
314 1349 405 1408 occisi
415 1369 475 1408 non
483 1347 544 1408 reci
565 1347 625 1407 iant
634 1367 708 1410 cavo
718 1349 836 1430 capitis,
847 1366 903 1430 quo

228 1445 412 1512 pregnantes
428 1428 531 1490 tulere.
577 1427 903 1512 aexcluduntquinqua·

230 1512 343 1592 gesimo
358 1509 426 1584 die,
443 1529 460 1570 e
476 1509 580 1591 quibus
596 1508 688 1570 multa
708 1527 830 1591 propter
855 1528 904 1569 nu«

229 1610 345 1652 merum
363 1589 548 1651 intercidunt.
566 1587 699 1650 Locustae
711 1591 903 1673 &reliquere-

230 1673 341 1734 nuioris
355 1669 472 1745 crustae,
488 1686 601 1753 ponunt
616 1691 676 1733 ova
685 1668 771 1753 super
780 1693 855 1741 ova,
865 1686 903 1730 at-

230 1771 290 1833 que
307 1753 347 1811 ita
362 1752 507 1812 incubant.
517 1750 647 1836 Polypus
664 1749 902 1813 feminamoddin

231 1833 301 1893 ovis
329 1829 429 1907 sedet,
450 1832 542 1894 modo
574 1852 727 1893 cavernam
754 1832 903 1894 cancellato

231 1913 418 1978 brachiorum
438 1913 567 1995 implexo
584 1912 699 1974 claudit.
715 1910 804 1996 Sepia
814 1917 843 1974 in
854 1928 905 1973 ter·

230 2005 307 2055 re'no
323 1996 489 2073 paritinter
508 1992 674 2065 arundines,
687 2010 736 2055 aut
747 1995 837 2056 sicubi
846 2013 903 2054 ent·

232 2087 265 2133 ta
282 2072 361 2153 alga:
378 2074 506 2135 excludit
567 2073 746 2136 intodecimo
770 2076 826 2136 die.
848 2073 903 2135 Lo·

230 2151 338 2233 ligines
353 2153 384 2212 in
398 2153 460 2219 alto
476 2166 606 2217 concita
625 2176 683 2218 ova
696 2156 814 2233 edunt,
828 2171 858 2215 ut
869 2151 902 2213 se·

232 2235 300 2330 ρἰπς
320 2231 476 2317 Purpurae,
494 2236 637 2308 murices,
652 2233 838 2320 ejusdemque
875 2254 903 2295 ee

233 2334 333 2389 nens,
350 2336 421 2377 vere
439 2317 563 2459 ppriunt.
581 2315 685 2379 Echini
703 2339 763 2379 ova
810 2318 836 2379 le
855 2318 903 2374 ‘u-

202 2397 291 2455 »niis
307 2395 415 2458 habent
460 2401 536 2459 ‘eme
557 2398 565 2459 ὲ
588 2394 770 2460 &cochlea
811 2401 903 2459 'erno
963 2396 964 2429 ³

318 2497 369 2537 ore
388 2475 549 2540 nascuntur.

235 2568 250 2605 -’
360 2556 399 2618 V.
417 2556 560 2641 Torpedo
584 2556 744 2641 odogenos
766 2559 840 2622 fetus
860 2556 904 2633 hai

234 2633 309 2698 bens
325 2637 489 2701 invenitur:
505 2658 597 2723 eaque
612 2641 687 2700 intra
701 2640 731 2701 se
756 2643 829 2722 parit
852 2658 903 2699 ova

235 2716 414 2798 praemollia,
427 2721 456 2778 in
476 2720 565 2781 alium
583 2718 684 2783 locum
700 2724 776 2783 uteri
794 2716 904 2791 mnsfee
963 2796 964 2799 Ἴ

233 2815 332 2886 μὴ
345 2813 431 2897 atque
445 2797 485 2869 ibi
499 2799 672 2869 ,excludens
700 2800 794 2870 Simili
819 2797 903 2883 moth
963 2824 964 2883 ς
