1966 3618
257 248 629 330 Hr‘stoa.tib.'1x.
694 277 761 353 273·

16 444 18 459 ξ
99 376 165 453 uiti,
180 395 349 518 partumtpue
372 377 546 439 concharum
568 375 624 439 esse
651 396 766 459 marga·
791 426 795 442 ,

103 465 171 541 titas,
180 483 230 542 pto
250 481 305 542 qua
317 462 384 519 itate
406 461 488 539 roris¹
501 461 626 539 accepti:
637 459 661 518 si
670 479 764 540 purus

103 542 244 613 influxerit,
264 540 421 601 candorem
433 538 577 620 conspici:
590 540 613 598 si
622 541 694 600 verb
702 557 765 599 tur-
797 602 801 609 ,

16 684 17 687 ,
104 620 190 695 bidus,
202 623 233 682 &
250 619 345 683 fetum
362 618 527 680 sordescere
539 641 546 680 t
558 619 692 680 eumdem
700 620 765 702 pal·
796 682 801 689 ,

105 701 166 775 lere,
174 701 241 762 caelo
252 704 382 762 minante
393 715 581 781 conceptum:
593 720 628 759 ex
639 720 675 761 eo
684 703 765 783 quip·

104 801 136 862 pe
148 781 284 851 constare,
306 780 425 861 caelique
448 782 488 840 eis
508 777 651 859 majorem
674 778 766 842 socie·

104 877 178 928 tatem
188 860 254 935 ess'e,
266 860 354 943 quam
366 862 450 920 maris
461 883 468 921 :
478 861 545 921 inde
554 861 684 921 nubilum
691 861 766 923 trahi
797 924 802 932 ,

16 1018 17 1021 ¹
102 942 235 1015 colorem,
258 959 307 1002 aut
323 962 377 1023 pto
392 942 519 1003 claritate
537 942 675 1003 matutini
692 940 765 1003 sere·
797 998 800 1007 .

102 1041 169 1083 num.
179 1022 208 1084 Si
221 1021 393 1103 tempestive
404 1016 557 1095 satientur,
574 1022 766 1106 grandescere

103 1103 240 1185 &partus
253 1101 284 1163 Si
293 1102 440 1185 fulguret,
456 1104 610 1183 comprimi
619 1103 765 1178 conchas,

102 1203 133 1242 ac
144 1207 193 1266 pto
208 1182 307 1265 jejunii
323 1184 414 1244 modo
433 1183 532 1241 minui.
553 1180 582 1246 Si
594 1186 666 1243 verb
677 1186 765 1245 etiam

100 1268 230 1339 tonuerit,
242 1264 361 1347 pavidas
379 1285 412 1324 ac
434 1261 556 1345 repente
571 1282 639 1323 corn
661 1261 766 1338 reffas,

101 1363 270 1427 quavocant
286 1342 472 1426 physemata,
491 1340 625 1416 efficere,
639 1284 768 1424 ipeciem

104 1428 183 1488 modo
192 1429 267 1487 inani
276 1426 402 1485 inflatam
413 1427 475 1484 sine
486 1444 610 1504 corpore
622 1446 630 1484 t
643 1424 699 1483 hos
711 1421 769 1484 'effe

100 1507 264 1583 concharum
282 1507 409 1567 abortus.
436 1502 502 1565 Sani
527 1503 653 1586 quidem·
669 1522 770 1586 partus

101 1588 239 1670 multiplici
270 1586 401 1648 constant
424 1602 505 1658 cute,
529 1606 590 1644 non
608 1586 771 1665 improprie

100 1669 194 1729 callum
212 1687 243 1731 ut
264 1666 419 1729 existimari
431 1667 566 1748 corporis
588 1667 697 1746 possit:
715 1669 770 1726 ita·
802 1728 805 1734 ,

101 1770 153 1830 que
165 1753 362 1833 &purgantur
378 1770 395 1807 a
408 1750 516 1828 peritis.
531 1745 627 1807 Miror
636 1745 700 1829 ipso
706 1762 768 1808 tan²

101 1832 157 1911 tltm
175 1852 220 1891 eas
247 1831 320 1911 calo
341 1829 481 1912 gaudere,
503 1826 572 1889 Sole
599 1826 766 1904 rubescere,

100 1911 306 1992 candoremque
325 1910 468 1991 perdere,
484 1926 516 1969 ut
536 1928 642 1989 corpus
665 1908 768 1969 huma-

101 2010 173 2052 num.
189 1992 289 2072 Quare
303 1994 484 2072 praecipuum
507 1986 669 2050 custodiunt
686 1989 768 2071 pela-

101 2073 252 2152 giae‚altiias
268 2071 386 2146 mersat,
407 2070 494 2153 quint
512 2087 543 2130 ut
561 2087 713 2153 penetrent
730 2092 771 2132 ra·

17 2156 22 2164 “
102 2153 146 2212 dii.
164 2152 330 2214 Flavescunt
348 2169 444 2213 tamen
466 2152 498 2213 &
512 2151 567 2212 illae
586 2146 771 2225 senecta,ru

102 2231 191 2371 psque
209 2230 389 2316 torpescunt:
399 2252 452 2293 nec
464 2235 517 2292 nisi
531 2235 561 2291 in
570 2229 692 2311 juventa
701 2252 771 2292 con·
804 2239 807 2244 ’

99 2381 101 2384 y
126 2315 236 2387 atille,
253 2316 303 2397 qui
341 2316 473 2393 uaeritut,
486 2308 772 2394 vigor.·C1ailescunt

80 2419 82 2422 ⁴
103 2395 185 2453 etiam
196 2398 225 2454 in
233 2392 361 2465 seneila,
374 2390 547 2473 conchisque
558 2388 768 2452 adhaerescunt:
808 2454 810 2457 ,

78 2482 79 2487 ’
103 2493 153 2533 uec
168 2476 209 2534 his
224 2476 310 2537 avelli
330 2490 457 2557 queunt,
479 2475 533 2532 nisi
552 2468 631 2533 lima
652 2468 773 2553 Quibus

57 2617 59 2620 Α
104 2571 156 2632 una
172 2572 280 2616 tantum
300 2554 342 2616 est
361 2553 466 2631 facies,
484 2556 516 2614 δι
535 2554 571 2613 ab
593 2554 627 2613 el
643 2555 774 2614 rotundi·
797 2566 799 2569 ’

104 2647 161 2708 tas,
172 2640 278 2697 aversis
296 2637 443 2718 planities,
460 2634 499 2695 ob
510 2635 540 2694 id
557 2638 706 2716 tympania
717 2647 775 2694 no-

105 2715 247 2778 minantur.
259 2716 579 2778 Cohaerentesvidimus
596 2718 625 2775 in
637 2715 776 2784 conchis,

106 2783 143 2863 tc'
157 2795 226 2865 dete
250 2794 399 2882 unguenta'
414 2791 695 2934 circumferpptibus.
715 2791 778 2860 Cea

524 2895 525 2898 ¹
632 2892 654 2935 v
