2014 3624
193 308 199 317 ·
264 267 472 336 Hrsrou.
498 265 569 337 Lib.
595 266 657 337 VI.
732 263 776 361 83

79 387 191 462 briam,
228 384 415 459 Ariminum,
448 383 625 461 Bononiam,
658 383 779 446 Placen·

81 472 168 542 tiam,
193 467 423 541 Mediolanum,
451 466 655 549 omniaqueab
676 465 786 547 Apenq

82 552 171 610 nino:
199 547 341 628 transque
362 545 455 627 Alpes
481 545 607 608 Galliam
626 545 801 628 Aquitani,

84 653 164 704 cam,
182 629 338 689 Viennam
349 669 359 699 ,
370 627 562 707 Pyrenaeum,
575 625 778 692 Celtiberiam.

82 710 240 771 Umbilico
275 711 310 770 tri
331 711 389 767 'nta
411 709 539 790 quinque
564 708 688 788 pedum,
711 730 779 769 um-

82 792 141 851 btae
157 794 285 873 triginta
316 810 373 862 ex,
396 805 429 848 ut
455 791 599 849 tamenin
618 805 698 870 parte
715 789 777 852 Ve-

82 876 164 933 netiae
176 887 351 954 exaequetur
369 869 470 929 umbra
481 872 622 952 gnomoni
635 892 642 931 :
660 871 777 952 amplis·

84 955 154 1012 aima
173 953 242 1013 dies
267 952 403 1011 horarum
431 950 670 1034 {equinodiaIium
693 955 779 1034 quin·

86 1034 201 1107 decim,
224 1035 261 1095 ἂ
281 1034 443 1114 quintarum
455 1035 578 1113 partium
591 1032 671 1092 horae
679 1035 777 1096 trium.

125 1113 280 1174 Hadlenus
297 1113 482 1194 antiquorum
498 1110 596 1173 enada
614 1112 776 1174 celebravi·

87 1213 160 1254 mus.
183 1193 380 1276 Sequentium
399 1193 628 1276 diligentissimi,
643 1193 777 1276 quodsu-

87 1273 179 1355 perest
206 1294 355 1336 terrarum
379 1274 470 1334 tribus
490 1275 680 1414 adsiqnavete
709 1273 775 1357 seg·

89 1359 199 1416 mentis.
222 1353 552 1436 ATanaiperMaeotin
572 1353 778 1416 acum&Sat«

89 1453 175 1496 maras
193 1435 288 1519 usque
309 1434 536 1517 Borysthenem,
558 1452 644 1518 atque
663 1438 702 1495 ita
721 1456 779 1518 per·

89 1513 188 1578 Dacos
242 1535 394 1599 artemque
423 1514 611 1588 Germaniae,
639 1514 778 1592 Gallias,

92 1594 204 1658 Oceani
218 1541 310 1659 litora
322 1595 478 1678 amplexi,
495 1596 575 1678 quod
587 1593 671 1669 ,ellet
691 1596 779 1655 hora-

93 1697 154 1738 rum
176 1678 315 1740 sedecim.
336 1677 473 1739 Alterum
495 1697 548 1759 per
563 1674 778 1818 Hygerborcoa

97 1758 128 1818 &
137 1758 332 1832 Britanniam,
345 1758 481 1820 horarum
494 1759 597 1819 decem
655 1755 780 1839 septem.

94 1836 274 1902 Postremum
288 1839 460 1921 Scythicum
479 1861 496 1898 a
510 1839 638 1919 Riphaeis
655 1837 730 1922 jugis
747 1843 779 1901 in

93 1916 227 1994 Thulen,
249 1925 281 1981 in
300 1941 359 2002 quo
380 1921 443 1981 dies
469 1923 701 1980 continuarentur
722 1918 779 2002 (ut

96 1999 237 2098 diximus)
249 1999 402 2083 nodesque
417 2020 470 2097 per
481 2005 570 2062 vices.
580 1998 674 2060 lidern
685 2001 718 2062 dc
729 2022 778 2062 am

94 2080 776 2245 llllssfflalufsszlllallllf‘ll‘]

96 2242 127 2302 dc
139 2243 376 2320 ⁴Ptolemaidem,
393 2246 423 2303 in
443 2244 545 2305 Rubro
568 2245 640 2304 mari
659 2243 698 2303 ad
714 2246 778 2307 ele-⁶

97 2323 270 2402 phantorum
297 2341 419 2387 venatus
437 2324 778 2410 conditamcubilongis·

98 2405 183 2466 aimus
206 2408 268 2467 dies
290 2406 445 2468 duodecim
465 2407 602 2467 horarum
626 2402 712 2480 effer,
733 2408 778 2469 di·

96 2485 183 2547 midia
197 2487 271 2548 hora
293 2487 425 2569 amplior.
443 2484 609 2553 Secundum
627 2507 681 2568 pet
699 2486 777 2571 Sye-

99 2584 153 2624 nen
171 2566 295 2650 AEgypti
322 2566 464 2639 euntem}
484 2569 534 2651 qui
554 2565 623 2628 ellet
639 2568 776 2630 horarum

99 2645 247 2709 tredecim.
271 2647 420 2731 lidemque
432 2649 551 2732 singulis
566 2648 685 2710 dimidia
691 2652 781 2712 hora·

102 2744 163 2787 rum
179 2724 362 2812 spatiausque
373 2731 410 2791 ad
427 2731 561 2792 ultimum
574 2729 708 2813 adjecere
720 2733 778 2794 cir-

102 2808 179 2870 culis.
203 2809 242 2873 Et
256 2808 389 2873 hedenus
404 2813 441 2875 de
457 2815 554 2876 terris.
575 2890 607 2950 D
638 2893 646 2905 ι

617 2914 650 2972 vl
