2014 3624
223 208 271 279 62
321 209 355 276 c.
380 202 553 274 Primi
577 204 768 276 Narua.
997 164 998 241 i

227 327 290 402 sas,
307 324 354 384 alii
370 341 432 386 vu.
455 322 527 383 mill.
544 322 592 385 alii
611 339 669 384 xu.
689 323 761 385 mill.
779 323 915 408 paffuum'

251 422 334 466 arere.
997 424 998 461 l

228 430 249 489 p
266 484 343 546 Situs
363 500 460 547 autem
477 487 517 547 ita
536 484 678 547 sehabet.
699 484 729 547 A
747 487 811 549 sinu
832 488 916 550 AEla-
997 476 999 561 ζ

224 568 315 629 nitico
326 568 399 629 alter
410 569 488 627 sinus
498 611 508 640 ,
518 587 607 648 quem
619 565 733 628 Arabes
748 567 838 629 AEant
853 591 915 632 vo·

225 665 308 722 cant,
327 649 357 707 in
377 668 437 732 quo
462 648 596 709 Heroum
612 648 756 730 oppidum
773 648 826 710 est.
844 650 917 712 Fuit
997 648 998 703 ἶ

225 730 259 790 δι
277 727 428 812 Cambysu
443 731 518 803 inter
537 728 630 790 Nelos
658 731 690 791 &
715 728 918 806 Marchadas,
997 728 998 779 Ϊ

225 809 354 871 ἀεάιιξὶίε
372 813 409 871 eb
427 813 509 893 aegris
530 808 682 871 exercitiis.
701 806 785 870 Gens
804 810 890 892 Tyra
906 836 917 874 t
997 820 998 879 T

223 888 349 953 Daneon
367 909 489 973 portus,
511 912 550 952 ex
559 912 630 1032 §uo
651 891 848 973 navigabilem
873 892 918 952 al·

223 992 314 1032 veum
330 972 489 1053 perducere
508 974 538 1032 in
591 971 678 1044 ilum,
701 971 759 1053 qud
778 989 858 1053 parte
876 972 918 1034 ad

222 1049 314 1113 Delta
332 1052 439 1113 dicium
459 1054 584 1114 decurrit
602 1070 682 1113 uxu.
698 1051 770 1112 mill.
792 1072 824 1114 n.
844 1051 920 1135 pass'.
997 1058 998 1109 l

222 1133 405 1215 intervallo(
432 1134 492 1195 uod
509 1138 585 1194 inter
606 1134 719 1193 flumen
733 1133 919 1195 &Rubrum

221 1232 302 1276 mare
322 1155 464 1298 intend)
483 1217 595 1297 primus
615 1217 752 1275 omnium
777 1213 919 1276 Sesostris

221 1295 346 1379 AEgypti
364 1317 415 1356 rex
437 1298 596 1377 cogitavit:
612 1315 682 1356 mox
697 1293 804 1355 Darius
820 1294 921 1357 Persa-
997 1342 998 1379 ¹

220 1395 303 1437 rum:
321 1376 426 1437 deinde
448 1375 623 1449 Ptolemaeus
643 1374 772 1458 sequens
788 1398 796 1436 ε
812 1378 862 1459 qui
883 1377 922 1439 δι
997 1388 998 1395 ’

220 1455 302 1517 duxit
309 1455 409 1518 foliam
419 1457 568 1519 latitudine
583 1456 692 1538 pedum
711 1456 921 1530 centum,alti·

220 1538 321 1600 tudine
332 1542 453 1600 xxxin
465 1538 678 1622 longitudinem
693 1554 829 1600 xxxvu.
841 1538 920 1600 mill.

220 1629 254 1679 Β.
274 1618 403 1703 palluum
419 1619 509 1702 usque
530 1619 566 1678 ad
586 1617 684 1680 fontes
712 1639 837 1679 amaros.
859 1619 923 1682 Ul-

219 1699 264 1758 rni
284 1702 421 1760 deterruit
442 1701 637 1759 inundationis
674 1720 790 1774 metus,
820 1701 924 1762 excel-

220 1779 393 1839 sioretribus
406 1779 508 1840 cubitis
528 1779 631 1840 Rubro
649 1783 728 1840 mari
746 1799 923 1863 comperto,

219 1858 309 1940 quim
318 1860 393 1920 terrai
401 1859 535 1942 AEoypti.
554 1859 657 1943 Aliqui
683 1882 747 1922 non
761 1882 826 1922 eatn
839 1863 923 1924 adfe⁴

218 1958 285 2001 runt
299 1913 485 2016 causamssed
500 1963 537 2003 ne
553 1940 677 2002 immillo
697 1945 774 2002 mari
787 1964 924 2005 corrum-

217 2039 334 2163 Eeretur
364 2044 437 2104 aqua
459 2022 540 2099 Nili,
559 2044 626 2106 quae
642 2022 659 2082 s
666 2023 714 2084 ola
734 2039 823 2106 potus
844 2046 923 2107 prae-

240 2120 279 2163 et.
300 2102 496 2164 Nihilominus
514 2107 569 2164 iter
587 2121 651 2164 totu
665 2125 698 2163 m
719 2104 844 2166 terendo
861 2104 924 2166 fre-

217 2201 371 2267 quentatur
392 2207 409 2246 a
430 2188 502 2245 mari
520 2184 701 2268 AEgyptio,
719 2185 801 2267 quod
814 2184 855 2246 est
868 2188 925 2247 tri·

164 2288 166 2292 ⁴
217 2264 301 2347 plex:
322 2287 411 2328 unum
431 2289 447 2327 a
466 2267 590 2331 Pelusio!
611 2287 674 2347 per
692 2268 850 2340 arenas‚in
860 2289 924 2350 quo

216 2348 271 2405 uisi
290 2346 391 2408 calami
410 2346 498 2408 defixi
518 2368 550 2408 re
594 2364 642 2420 nt,
663 2349 714 2407 via
732 2364 795 2408 non
811 2369 844 2409 re
866 2348 925 2410 eri·

215 2437 281 2496 tur,
298 2426 418 2490 subinde
432 2430 498 2490 auri
508 2450 545 2490 ve
572 2430 633 2511 igia
660 2432 825 2510 operiente.
836 2368 925 2491 ⁴Xlte·

214 2528 281 2587 rum
301 2513 374 2571 verb
393 2511 452 2572 duo
466 2512 537 2572 mill.
556 2508 642 2591 paffu
653 2530 704 2570 um
716 2511 790 2571 ultra
799 2506 925 2571 Casium

214 2605 363 2662 montem,
385 2592 465 2673 quod
485 2614 502 2650 a
520 2590 684 2671 sexaginta
702 2592 776 2652 mill.
793 2590 924 2672 pastinum

213 2671 290 2730 redit
309 2673 338 2729 in
356 2669 537 2743 :Pelusiacam
567 2673 664 2732 viam.
687 2670 926 2734 AdcoluntAra·

212 2750 265 2815 het
284 2750 383 2828 Aurei.
406 2750 540 2816 Tertium
566 2750 925 2837 a›Gerro(qu0dAd1›
