1966 3618
14 366 16 369 ,
203 287 423 359 Htsro'n.
448 287 520 360 Lib.
545 286 642 362 vul.
698 295 773 386 23?

105 436 114 447 ⁵
130 405 267 470 LXXIX.
288 427 335 490 53.
355 405 391 468 ln
403 406 484 468 nullo
499 428 606 491 genere
626 411 710 493 aeqne
725 410 776 472 faa

94 490 155 550 tilis
174 492 294 550 mixtura
306 509 373 548 curn
393 487 476 561 feto,
493 490 611 571 qualiter
622 509 705 552 natos
715 514 769 553 an·

95 573 165 651 tiqui
184 570 322 651 hybridas
345 570 511 641 vocabant,
528 590 582 630 ceu
600 570 771 634 semiferos:

95 651 130 710 ad
146 652 275 711 homines
295 670 355 731 qno
377 669 433 722 ue,
451 668 483 710 ut
504 653 534 708 in
552 648 590 710 C.
609 651 771 715 Antonium

97 729 240 792 Ciceronis
257 734 289 790 in
307 671 454 790 cotiiulatu
473 730 614 813 collegam
624 734 770 815 ,appella-

97 813 171 873 tione
188 810 330 872 transsata.
353 808 422 870 Non
436 813 466 870 in
480 810 575 872 suibus
595 831 692 873 autem
708 832 771 875 tan·

97 893 156 952 tltru
168 937 179 964 ,
193 891 242 953 sed
255 895 286 952 in
306 890 439 952 omnibus
452 913 569 974 quoque
581 892 768 969 animalibus,

97 971 296 1055 cujuscumque
312 975 425 1053 generis
436 974 526 1034 ullum
535 972 586 1053 est
601 976 770 1058 placidum,

81 1050 219 1132 ‘ejusdem
228 1055 376 1114 invenitur
393 1055 426 1116 &
440 1051 555 1126 ferum,
574 1073 686 1138 utpote
699 1058 768 1117 clun

95 1130 237 1196 lominum
247 1138 333 1194 etiam
349 1131 519 1193 silvestrium
529 1152 689 1216 totagenera
699 1158 772 1218 pra·

95 1213 165 1276 dieta
175 1219 241 1276 sint.
259 1213 364 1296 Captae
379 1231 478 1273 tamen
494 1216 525 1273 in
543 1216 680 1295 plurimas
692 1220 770 1276 sinn·

94 1293 222 1358 litudines
232 1293 477 1377 transfigurantur.
485 1291 558 1354 Sunt
570 1314 679 1378 tapreae
688 1339 698 1369 ,
708 1294 772 1357 sunt

95 1380 265 1459 rupicaprae,
281 1374 345 1436 sunt
355 1377 452 1435 ibices
468 1378 643 1455 pernicitatis
662 1378 771 1437 mitan-

94 1455 153 1533 ἀεὶ,
170 1477 343 1541 quamquam
362 1472 484 1515 onerato
501 1460 594 1537 capite
605 1455 694 1517 vallis
706 1478 772 1517 cor·

94 1538 174 1599 nibus
205 1540 425 1623 gladiorumque
452 1539 584 1619 vaginis:
603 1540 634 1597 in
658 1538 720 1599 haec
738 1537 769 1599 se

94 1616 213 1693 librant,
233 1637 266 1680 ut
283 1635 431 1678 tormento
447 1616 546 1700 aliquo
566 1620 650 1679 rotati
669 1621 699 1677 in
716 1640 774 1699 pe·

95 1714 165 1772 nas,
184 1703 366 1783 potissimum
380 1715 510 1758 emonte
528 1698 624 1781 aliquo
639 1702 668 1759 in
681 1699 771 1761 aliurn

95 1782 228 1842 transilire
258 1797 435 1864 quarentes,
456 1797 543 1862 atque
569 1779 680 1842 retullu
700 1803 772 1864 perv

95 1862 195 1936 nitius,
206 1864 267 1944 qul>
277 1861 407 1933 libuerit,
417 1859 566 1921 exsultant.
575 1860 647 1922 Sunt
657 1863 690 1922 &
700 1885 771 1943 ory-

95 1957 158 2023 με,
178 1942 230 2004 soli
258 1939 427 2024 quibusdam
446 1941 513 2001 diui
538 1945 684 2001 contrario
704 1944 771 2023 pilo*

95 2023 203 2095 velliri,
219 2025 251 2086 &
264 2023 300 2082 ad
311 2038 397 2103 caput
413 2020 509 2083 verso.
533 2020 647 2085 Sunt&
657 2023 768 2099 dama,

95 2102 267 2187 &pygargi,
277 2105 309 2165 &
319 2102 703 2186 strepsicerotes‚multaque
714 2106 772 2186 alia·

96 2180 165 2245 haud
184 2185 338 2246 dissimilia.
357 2183 416 2246 Sed
430 2185 477 2245 illa
486 2183 599 2267 Alpes,
611 2186 672 2246 hac
682 2185 772 2247 trans·

96 2269 191 2325 marini
212 2268 280 2326 situs
300 2267 427 2325 mittunt.

131 2345 251 2406 LXXX.
271 2365 321 2427 54.
339 2344 494 2405 simiarum
518 2362 637 2425 quoque
662 2362 776 2426 genera⁴

97 2422 215 2487 hominis
229 2426 327 2510 figurae
346 2427 499 2507 proxima,
520 2424 616 2483 caudis
640 2426 714 2487 inter
738 2426 771 2489 se

96 2505 307 2590 distinguuntur.
324 2506 414 2566 Mira
435 2503 566 2565 solertia:
585 2503 666 2567 visco
683 2510 770 2568 inund

96 2587 136 2666 gi,
156 2586 319 2669 laqueisque
334 2585 453 2646 calceari
471 2585 630 2647 imitatione
654 2609 770 2649 venan-

96 2668 161 2728 tium
172 2668 309 2729 tradunt:
331 2667 530 2728 Mucianus&
549 2667 714 2729 latrunculis
724 2668 770 2727 lus
795 2706 797 2713 ,

98 2747 170 2824 ulle,
186 2744 267 2808 {illas
282 2750 348 2808 ceni
367 2751 466 2809 icones
487 2745 538 2808 usu
557 2747 770 2830 distinguenret

96 2823 260 2892 linteata
278 2826 373 2892 tristes
393 2828 448 2891 elle
458 2875 471 2904 ,
485 2828 590 2910 quibus
608 2830 695 2890 in-eo
715 2836 773 2907 gea
